2664 4030
269 303 338 355 76
804 300 1243 355 EPISTOLAE
1269 301 1941 355 ASTRONOMICAE

267 445 451 504 sterio,
474 459 593 509 quo
614 443 826 509 lapidis
843 443 1000 496 illius
1015 444 1255 497 auriferi
1270 459 1513 497 omnem
1526 444 2040 498 fermentationem
2055 452 2110 498 et
2122 446 2471 512 multiplica-

268 518 490 568 tionem
518 514 755 580 (quibus
780 521 864 568 tot
889 518 1063 568 annis
1083 515 1419 569 insudatum
1439 516 1536 580 est)
1559 516 1970 569 excellentiore
1993 519 2235 570 invento
2259 517 2470 580 illudit;

269 589 400 651 quis
433 588 594 639 enim
626 589 854 652 ignorat
884 589 1056 652 panis
1088 593 1372 653 perpetuo
1403 587 1788 640 sufficientem
1820 590 2069 653 copiam,
2103 604 2239 653 quae
2270 605 2343 642 ex
2371 589 2473 643 ista

267 657 754 723 multiplicatione
785 665 1115 724 promanat,
1149 674 1299 711 auro
1332 664 1387 710 et
1418 664 1660 724 argento
1692 659 2152 724 praestantiorem
2183 661 2303 722 esse,
2337 676 2473 713 cum

268 728 360 781 his
382 745 580 782 carere
599 730 802 794 possint
821 729 1113 791 homineS,
1134 729 1237 782 illo
1258 735 1458 782 autem
1478 745 1877 796 nequaquam.
1908 730 2134 784 Caveat
2152 733 2351 797 itaque
2371 731 2472 785 fibi
2521 750 2543 784 5
2564 743 2566 745 ’

268 801 342 853 ab
371 800 867 866 Alchymistarum
895 801 1120 853 invidia
1149 806 1204 853 et
1232 800 1556 865 prospiciat,
1589 817 1665 853 ne
1695 804 1807 854 arti
1834 801 2052 855 struant
2080 802 2333 864 infidiaS‚
2362 802 2471 855 fer-

268 878 653 936 mentumque
680 874 1056 936 peregrinum
1082 871 1453 924 admisceant.
1475 867 1497 940 ΙΙ
1517 871 1641 924 Diu
1666 872 2038 938 multumque
2064 889 2299 926 mecum
2320 877 2470 940 cogi·
2520 883 2573 926 lv

267 945 403 1004 tavi,
425 945 487 994 in
508 958 687 1007 quem
701 942 871 994 usum
884 944 1056 1008 panis
1069 945 1265 1008 potius
1280 958 1463 1007 quam
1477 945 1608 995 auri
1623 950 1678 995 et
1692 947 1916 1009 argenti
1930 948 2472 1010 augmentationem

267 1013 713 1079 investigaverit;
740 1013 981 1066 tandem
1007 1014 1208 1066 incidit
1232 1013 1383 1066 mihi
1408 1016 1471 1065 in
1497 1020 1758 1066 mentem
1784 1014 2077 1068 Draconis
2102 1016 2261 1069 illius
2287 1017 2469 1078 1111101,
2520 1027 2549 1070 {-

269 1087 370 1150 qui
391 1085 536 1137 olim
556 1084 778 1137 bellum
798 1085 967 1137 civile
988 1085 1247 1150 ipsorum
1267 1085 1478 1137 Patriae
1501 1087 1702 1147 movit,
1729 1085 2042 1151 feruntque
2064 1088 2138 1140 ob
2158 1090 2472 1153 penuriam
2526 1105 2568 1141 10

268 1156 687 1210 alimentorum
699 1159 762 1208 in
773 1162 936 1209 tanta
947 1156 1329 1209 militantium
1341 1159 1512 1221 copia
1521 1156 1743 1209 bellum
1754 1156 1901 1210 illud
1911 1157 2108 1211 Troiae
2120 1159 2474 1212 decennium

269 1228 554 1288 excessisse‚
586 1228 747 1292 quod
775 1227 924 1280 alias
954 1230 1122 1280 citius
1151 1227 1309 1281 finiri
1334 1229 1595 1293 potuisset
1619 1243 1837 1294 magno
1867 1228 2108 1282 illorum
2135 1231 2472 1292 commodo;

266 1301 485 1351 veritus
499 1301 698 1364 itaque
712 1315 787 1352 ne
802 1306 970 1352 vetus
984 1299 1082 1352 ille
1097 1299 1297 1352 Draco
1311 1299 1613 1352 reviviscat
1626 1299 1722 1352 vel
1735 1316 1928 1353 novus
1943 1300 2266 1366 aliquando
2282 1317 2355 1354 ex
2367 1304 2472 1354 im-

268 1370 498 1436 proviso
520 1373 834 1432 exoriatur,
861 1371 1072 1424 Patriae
1092 1371 1212 1423 suae
1232 1370 1346 1423 hoc
1367 1370 1656 1423 utilissimo
1677 1374 1919 1424 invento
1939 1372 2249 1437 providere
2270 1373 2472 1426 voluit.

268 1442 476 1495 Laudo
502 1441 677 1507 ipfius
703 1442 1079 1506 prudentiam
1099 1448 1155 1495 et
1174 1443 1385 1495 Patriae
1412 1444 1539 1495 eius
1563 1443 1953 1509 congratulor,
1981 1444 2142 1508 quod
2167 1443 2347 1497 talem
2372 1444 2474 1498 fibi
2527 1462 2568 1496 15

267 1516 533 1580 genuerit
545 1511 934 1579 protectorem
945 1520 1001 1566 et
1014 1516 1077 1565 in
1088 1520 1454 1566 commeatus
1466 1517 1718 1579 penuria
1730 1515 2090 1579 provisorem
2104 1518 2473 1580 incompara-

267 1584 462 1638 bilem.
494 1585 548 1637 Is
574 1583 866 1638 rectissime
892 1585 1042 1637 mihi
1068 1591 1397 1651 exequutus
1423 1585 1653 1638 videtur
1678 1585 2171 1651 Philosophorum
2195 1593 2473 1649 mentem,

269 1659 372 1721 qui
397 1671 507 1708 nos
532 1672 658 1709 non
683 1656 854 1709 nobis
873 1656 969 1709 sed
989 1657 1200 1709 Patriae
1221 1656 1377 1709 nasci
1397 1657 1807 1710 asseverabant.
1836 1658 1958 1724 Ego
1984 1674 2088 1724 per
2109 1658 2474 1711 occasionem

269 1727 832 1793 congratulatorium
861 1743 1102 1780 carmen
1129 1730 1195 1780 111
1222 1728 1463 1781 laudem
1490 1731 1638 1781 tanti
1669 1729 1916 1795 mysterij
1949 1729 2052 1795 ipfi
2081 1732 2472 1796 compingam,

268 1798 553 1864 fiquidem
567 1799 860 1851 Draconis
881 1799 1039 1852 illius
1058 1802 1411 1852 memoriam
1431 1805 1730 1865 tantaeque
1743 1798 2003 1853 vic'toriae
2018 1800 2473 1854 celebrationem
2522 1818 2569 1853 20

269 1870 524 1935 amplius
544 1870 758 1923 referre
778 1886 903 1923 non
922 1871 1110 1932 liceat,
1131 1886 1267 1923 cum
1286 1873 1350 1922 in
1369 1870 1732 1936 profundum
1750 1874 1932 1924 maris
1951 1878 2074 1925 tota
2093 1872 2268 1936 ipfius
2285 1888 2473 1925 recor-

269 1942 428 1994 datio
448 1941 512 1994 fit
530 1941 839 1994 submersa.
861 1942 974 1995 Sed
993 1942 1189 1995 forsan
1209 1949 1265 1995 16
1285 1958 1323 1994 3
1340 1942 1501 2008 serijS
1516 1942 1767 2004 detine0,
1789 1943 1931 1996 dum
1945 1949 2140 1996 tecum
2155 1943 2227 1996 de
2240 1943 2334 1996 his
2348 1944 2473 1997 diu-

268 2016 383 2065 tius
404 2015 581 2065 iocor.
604 2013 703 2065 Da
722 2028 967 2079 operam
987 2020 1051 2066 ut
1071 2014 1147 2066 ad
1165 2029 1277 2067 nos
1291 2020 1428 2066 ante
1442 2013 1720 2080 hyemem
1733 2017 2060 2076 revertaris,
2080 2030 2300 2080 magno
2315 2018 2474 2068 enim

268 2087 354 2137 tui
374 2084 655 2137 defiderio
676 2084 1026 2147 detinentur,
1053 2091 1117 2137 ut
1136 2084 1309 2138 multi
1329 2085 1447 2152 alij,
1474 2085 1547 2138 110
1566 2085 1662 2138 vel
1682 2101 1790 2152 ego
1809 2088 2086 2147 maxime,
2112 2088 2289 2151 quite
2310 2092 2473 2140 tanto

268 2158 548 2220 temporis
577 2155 963 2222 locorumque
993 2156 1305 2209 intervallo
1333 2162 1555 2222 tuaque
1586 2159 2003 2223 exoptatissima
2032 2158 2473 2211 conversatione
2523 2175 2569 2210 25

269 2227 594 2280 admodum
613 2227 903 2281 illibenter
923 2244 1113 2281 careo.
1135 2228 1302 2281 Deus
1323 2231 1460 2294 opti.
1475 2244 1631 2281 max.
1650 2236 1705 2282 te
1722 2230 1893 2282 nobis
1910 2229 2272 2282 incolumem
2290 2245 2473 2295 quam

269 2299 521 2352 citissime
535 2299 805 2360 restituat,
826 2306 1048 2365 tuaque
1064 2303 1268 2352 omnia
1281 2303 1518 2366 negotia
1532 2306 1732 2366 optato
1746 2301 1991 2354 successu
2003 2300 2291 2354 secundet.
2306 2300 2472 2354 Vale.

270 2370 445 2423 Datae
465 2373 529 2422 in
549 2370 775 2423 aedibus
794 2371 1042 2425 Uraniae
1062 2371 1136 2424 21.
1157 2371 1401 2438 Augusti
1420 2371 1564 2425 1583.
1999 2442 2051 2496 T
2086 2442 2138 2496 T

1817 2514 2058 2569 TYCHO
2084 2515 2330 2568 BRAHE.
2522 2531 2570 2567 30

2363 3438 2472 3505 [Ex
