2632 4022
123 1076 165 1111 10

120 1432 162 1468 15

113 2146 159 2181 25

111 2859 157 2894 35

467 276 770 331 TYCHO
796 278 919 330 AD
945 278 1490 333 THADDAEUM
1517 280 2002 335 HAGECIUM
2030 283 2174 335 1594
2327 284 2418 336 361

217 418 603 484 undiquaque
615 420 990 484 procuranda
999 420 1131 486 plus
1144 437 1325 487 quam
1338 422 1685 475 existimaret
1696 422 2053 477 difficultatis
2064 424 2257 487 lateat,
2272 441 2418 491 prae-

217 489 410 542 sertim
430 496 494 542 ut
514 506 586 543 ea
605 493 668 542 in
688 493 938 544 materia
961 491 1156 558 lignea
1181 499 1311 546 utut
1329 496 1493 546 varie
1520 494 1852 560 compofita,
1879 499 2193 549 mutationi
2218 503 2420 550 tamen

217 576 382 613 aurae
407 560 629 626 suaque
655 561 830 627 ipfius
856 569 1071 615 natura
1096 563 1449 617 instabilitati
1475 564 1751 627 obnoxia,
1779 566 2058 620 diuturna
2078 574 2133 620 et
2153 568 2419 621 constans

215 631 295 684 fit.
324 632 663 685 Consultius
689 636 887 699 itaque
914 634 1200 695 duxerim,
1226 642 1290 688 ut
1314 635 1577 689 Globum
1605 637 1773 689 istum
1793 638 1869 690 ad
1888 639 2306 692 rotunditatem
2327 656 2418 692 ac-

217 709 498 763 curatam,
532 705 731 768 quoad
762 704 892 757 fieri
922 706 1116 771 potest,
1153 704 1484 769 deductum,
1519 711 1813 773 permittat
1844 712 2103 774 primum
2131 714 2311 763 unius
2343 711 2419 764 ad

214 777 532 827 minimum
551 775 760 828 aestatis
781 776 1040 829 calorem
1060 783 1115 830 et
1134 777 1347 830 hiemis
1366 778 1562 844 friguS,
1580 782 1747 832 varia
1760 782 1832 845 ijs
1846 782 2238 834 intercedente
2254 798 2417 835 aurae

214 848 557 907 mutatione,
585 849 853 911 experiri,
878 848 1066 900 donec
1086 849 1162 901 ad
1183 849 1605 902 confistentiam
1625 851 1889 916 aliquam
1910 852 2247 914 deducatur,
2268 860 2417 906 tum·

215 933 330 982 que
345 917 543 970 denuo
557 917 955 983 globositatem
971 921 1098 972 eius
1113 923 1426 981 examinet,
1442 928 1618 986 atque
1632 922 1733 975 ubi
1745 939 1894 988 opus
1908 923 2097 985 fuerit,
2115 925 2418 978 emendari

214 994 391 1049 curet,
418 988 806 1053 postmodum,
833 989 935 1042 ubi
959 990 1294 1044 senlibiliter
1319 991 1469 1044 nihil
1488 996 1780 1046 remittere
1803 1000 1858 1046 et
1876 997 2268 1048 variationem
2287 996 2416 1048 nul-

213 1059 335 1112 lam
347 1059 629 1125 suscipere
643 1061 1138 1123 animadverterit,
1153 1062 1391 1116 laminis
1403 1063 1766 1117 orichalcicis
1780 1064 2064 1131 laevigatis
2076 1073 2132 1119 et
2141 1066 2418 1120 subtiliter

213 1130 488 1184 adunatis
501 1131 874 1196 superinduci
886 1132 1078 1193 faciat,
1095 1140 1150 1186 et
1162 1140 1302 1187 tunc
1313 1134 1556 1187 demum
1566 1138 1630 1187 in
1640 1137 2059 1190 rotunditatem
2074 1138 2418 1203 exquifitam

213 1205 379 1255 omni
399 1218 472 1255 ex
490 1209 654 1267 parte
675 1204 873 1269 redigi,
896 1204 1199 1270 politaque
1219 1205 1521 1270 superficie
1540 1206 2023 1261 subdivifionibus
2043 1210 2335 1274 graduum
2354 1213 2417 1262 in

211 1273 436 1340 lingula
453 1277 686 1327 minuta
704 1290 809 1340 per
826 1274 1044 1340 pundta
1062 1276 1466 1330 transversalia
1483 1279 1961 1331 commoditatem
1981 1281 2279 1344 praebente
2300 1281 2415 1334 ela-

210 1345 408 1398 borari
435 1346 758 1410 provideat,
789 1346 937 1399 alias
964 1350 1124 1399 enim
1149 1347 1337 1400 stellas
1363 1348 1601 1410 nostraS‚
1632 1365 1781 1414 quas
1807 1353 2030 1403 circiter
2057 1350 2417 1418 octingentas

212 1431 337 1481 cap.
353 1416 387 1468 2
399 1419 611 1482 prioris
625 1416 799 1470 Tomi
814 1418 1012 1483 inipso
1025 1421 1257 1471 minuto
1271 1419 1542 1485 adeoque
1558 1436 1998 1487 nonnunquam
2011 1422 2222 1475 semisse
2237 1427 2417 1476 unius

210 1487 626 1554 diligentissime
647 1504 768 1554 quo
788 1489 864 1541 ad
883 1489 1129 1555 longum
1150 1496 1206 1543 et
1223 1490 1411 1543 latum
1431 1491 1661 1544 coelitus
1682 1493 1975 1545 derivatas
2001 1494 2414 1556 recensuimus

209 1561 310 1611 vix
330 1561 402 1612 ea
422 1561 542 1624 qua
558 1575 709 1625 opus
722 1560 896 1613 fuerit
908 1560 1218 1614 subtilitate
1234 1568 1289 1614 et
1303 1563 1816 1628 correspondentia
1831 1564 2030 1617 Globo
2045 1565 2413 1631 insigniverit.

210 1630 396 1683 Haud
415 1633 615 1696 ignota
633 1631 864 1697 loquor,
885 1647 1029 1685 nam
1049 1639 1104 1685 et
1124 1636 1173 1685 is
1193 1633 1382 1686 noster
1402 1633 1788 1687 orichalcicus
1810 1635 2058 1697 GlobuS,
2080 1640 2183 1701 qui
2201 1637 2298 1689 sex
2317 1653 2414 1702 pe-

210 1702 312 1754 des
338 1704 402 1754 in
428 1702 716 1755 diametro
742 1703 1035 1769 adaequat,
1062 1703 1288 1770 aliquot
1314 1721 1613 1758 annorum
1638 1706 1992 1760 laboriosam
2013 1708 2416 1762 difficultatem

210 1773 436 1834 obiecit,
466 1780 789 1839 antequam
818 1775 894 1828 ad
923 1777 1333 1829 omnimodam
1361 1776 1779 1842 perfectionem
1808 1778 2120 1843 perductus
2144 1780 2223 1841 fit,
2254 1787 2317 1833 ut
2343 1780 2415 1833 de

208 1844 531 1910 sumptibus
550 1845 702 1898 nihil
721 1845 930 1907 dicam,
952 1850 1055 1912 qui
1067 1847 1109 1899 fi
1123 1851 1418 1901 numerati
1433 1848 1721 1914 figillatim
1740 1851 1925 1911 essent‚
1945 1850 2093 1903 forte
2109 1851 2272 1904 mille
2287 1852 2414 1904 Ioa-

209 1915 599 1969 chimicorum
619 1917 935 1982 expensam
955 1926 1262 1983 aequarent
1281 1926 1384 1972 aut
1402 1919 1758 1985 superarent.

281 1987 460 2052 Quod
485 1994 608 2040 tam
634 1991 823 2042 amice
849 1996 1026 2055 atque
1052 1989 1380 2043 honorifice
1399 1990 1740 2056 saepedic'tus
1761 1992 1835 2045 D.
1858 1992 2202 2047 CURTIUS
2221 2009 2317 2047 me
2338 1995 2414 2047 ad

209 2061 448 2112 comitia
475 2059 829 2124 Imperialia‚
863 2076 999 2126 quae
1030 2064 1299 2126 proxime
1329 2062 1658 2115 Ratisbonae
1688 2063 2154 2126 celebrabuntur,
2188 2068 2412 2127 invitat,

209 2130 284 2183 est
313 2146 417 2183 cur
443 2130 530 2183 illi
559 2130 814 2184 officiose
843 2135 1058 2198 gratias
1087 2148 1276 2199 agam,
1311 2140 1366 2186 et
1393 2134 1435 2186 fi
1462 2150 1556 2187 res
1586 2150 1739 2187 meae
1771 2135 2253 2201 multipliciaque,
2287 2140 2411 2202 qui-

207 2202 318 2254 bus
338 2217 611 2267 occupor,
638 2205 874 2269 negotia
893 2204 953 2256 id
971 2203 1205 2265 ferrent,
1233 2207 1360 2258 eius
1379 2205 1687 2258 benevolae
1706 2209 1974 2271 petitioni
1994 2208 2270 2272 equidem
2289 2224 2413 2260 non

143 2291 165 2309 v
211 2271 676 2340 [renuntiaremJ.
698 2269 720 2343 ΙΙ
740 2275 962 2327 Verum
990 2291 1126 2328 cum
1151 2275 1300 2328 mihi
1325 2279 1388 2328 in
1413 2276 1526 2329 hac
1551 2277 1757 2338 insula,
1784 2284 1913 2330 utut
1938 2294 2062 2331 non
2088 2279 2412 2332 admodum

207 2359 441 2410 magna,
470 2348 746 2398 maximis
775 2352 976 2399 tamen
1002 2348 1487 2412 occupationibus
1513 2348 1771 2409 distent0‚
1798 2351 1898 2401 vix
1922 2355 2153 2403 tantum
2178 2350 2412 2415 superfit

208 2417 308 2482 otij
332 2422 388 2468 et
406 2419 703 2481 temporiS,
728 2423 791 2469 ut
811 2420 874 2470 in
893 2420 1117 2471 vicinas
1138 2418 1355 2471 Daniae
1376 2435 1511 2471 oras
1532 2419 1607 2472 ad
1628 2420 2094 2486 consanguineos
2114 2428 2170 2473 et
2189 2425 2412 2475 amicos

207 2486 303 2539 vel
314 2490 493 2539 etiam
502 2491 880 2553 propriorum
890 2492 1260 2555 negotiorum
1273 2490 1446 2543 causa
1457 2506 1893 2556 nonnunquam
1905 2508 2212 2545 excurrere
2223 2493 2410 2553 liceat,

206 2557 248 2610 fi
263 2560 462 2623 itaque
476 2565 598 2612 tam
612 2559 1005 2626 longinquum
1019 2564 1082 2613 in
1098 2561 1490 2614 Germaniam
1508 2565 1616 2615 iter
1637 2578 1772 2615 cum
1791 2562 2016 2616 iactura
2036 2570 2090 2616 et
2110 2564 2410 2629 dispendio

206 2645 422 2691 rerum,
431 2646 580 2695 quas
593 2630 691 2684 hic
701 2630 883 2685 tradto
896 2639 950 2684 et
961 2648 1159 2698 urgeo,
1168 2632 1448 2698 suscipere
1460 2649 1773 2698 nequeam,
1785 2633 2021 2687 habebit
2032 2651 2127 2687 me
2140 2635 2213 2688 D.
2225 2636 2409 2689 CUR-

206 2699 386 2754 TIUS
414 2716 522 2766 pro
552 2705 863 2768 congenita
890 2703 991 2756 fibi
1019 2702 1390 2756 humanitate
1416 2711 1471 2757 et
1496 2705 1693 2771 iudicij
1727 2706 2082 2766 dexteritate,
2113 2709 2197 2759 uti
2226 2707 2408 2771 spem,

206 2771 556 2825 sufficienter
576 2773 930 2826 excusatum.
953 2774 1293 2839 Scripfissem
1306 2791 1448 2828 vero
1465 2776 1704 2841 ipsemet
1720 2792 1879 2828 nunc
1896 2777 1998 2838 illi,
2019 2777 2060 2829 fi
2076 2784 2306 2830 tantum
2322 2778 2408 2831 su-

206 2844 439 2908 peresset
459 2848 928 2909 opportunitatiS‚
956 2852 1011 2898 et
1036 2849 1290 2899 nuncius
1310 2849 1372 2898 in
1391 2850 1650 2899 vicinam
1671 2847 2063 2901 Germaniam
2085 2864 2409 2914 properans

207 2913 433 2967 abitum
445 2931 569 2967 non
583 2916 734 2968 adeo
748 2916 1053 2969 festinaret.
1070 2917 1247 2981 Quod
1261 2934 1403 2970 vero
1418 2933 1577 2971 nunc
1591 2918 1704 2971 hac
1718 2921 1780 2971 in
1794 2927 1958 2984 parte
1971 2922 2409 2985 praetermissum

205 2984 395 3046 fuerit,
417 2985 565 3039 alias
586 2987 783 3040 oblata
804 2988 1206 3041 commodiore
1227 2989 1528 3042 occasione
1549 2989 1775 3042 affatim
1793 2991 2169 3056 compensare
2183 2995 2306 3044 non
2320 2992 2407 3044 su-

205 3056 538 3121 persedeb0.
559 3057 829 3111 Resaluta
847 3062 1046 3124 itaque
1066 3075 1202 3112 meo
1222 3064 1465 3113 nomine
1487 3061 2034 3115 Excellentissimum
2053 3062 2128 3115 D.
2144 3062 2407 3116 CURTI-

208 3127 338 3180 UM
352 3130 438 3179 tui
452 3130 538 3180 uti
550 3129 724 3181 video
738 3133 975 3195 meique
990 3132 1457 3184 amantissimum.
1474 3133 1719 3197 Iamque
1733 3139 1979 3199 uterque
1993 3133 2244 3187 vestrum
2256 3134 2407 3188 bene

112 3215 158 3249 40
206 3198 413 3250 valete.

348 3422 395 3457 46
2118 3418 2186 3484 [E
2208 3419 2404 3471 codice
2466 3407 2470 3411 ⁴
