2664 4030
94 1114 137 1150 10

94 1482 137 1517 15

94 2763 140 2799 35

380 279 558 334 101-1.
585 278 1049 334 PRATENSIS
1074 280 1196 333 AD
1222 278 1730 334 TYCHONEM
1756 281 1819 334 15
1845 280 2017 335 FEB.
2045 282 2192 336 1576
2330 281 2387 335 31

185 421 557 476 conformare
582 423 764 488 possis,
791 438 901 475 nec
927 423 1120 475 decuit
1145 423 1306 476 hunc
1330 423 1642 484 famulum,
1670 426 1772 488 qui
1797 422 1945 476 mihi
1970 431 2103 478 tuas
2122 424 2387 487 reddidit,

185 493 401 559 absque
433 493 704 560 responso
736 496 964 554 reverti,
999 510 1178 559 quem
1206 495 1302 547 vel
1329 497 1392 547 in
1419 497 1519 547 via
1549 501 1605 547 te
1635 495 1874 547 obviam
1905 495 2263 557 habiturum,
2292 496 2389 549 vel

185 567 364 618 etiam
395 565 788 630 Knudsdorpij
823 567 1018 617 itineri
1050 564 1391 627 accindtum,
1427 572 1798 632 reperturum
1831 566 2107 620 existimo,
2148 568 2241 620 De
2273 571 2388 620 tuis

185 651 344 698 vero,
371 652 496 689 non
522 636 598 688 est
623 637 783 701 quod
809 635 879 688 fis
905 636 1176 698 solicituS,
1205 653 1306 690 eas
1325 640 1389 689 in
1408 637 1665 690 aliorum
1686 653 1903 690 manus
1922 645 2219 700 venturaS,
2245 655 2389 691 nam

185 707 372 760 statim
391 723 461 760 ac
481 707 747 761 Domino
768 708 986 773 Legato
1007 708 1140 761 illas
1160 708 1541 774 perlegeram,
1569 712 1702 773 rupi
1723 715 1778 761 et
1798 710 2086 772 combussi,
2113 713 2199 763 uti
2220 726 2387 763 man-

186 779 375 840 daraS,
402 794 511 831 nec
537 778 695 831 ullus
721 794 825 844 per
850 795 961 831 nos
988 795 1059 832 ea
1079 780 1151 832 de
1172 795 1234 831 re
1255 780 1561 845 quidpiam
1580 780 1934 842 subolfaciet,
1962 788 2285 847 antequam
2305 784 2387 846 ip-

183 849 361 902 semet
374 849 505 903 haec
517 850 818 916 propalari
831 851 1107 903 volueris,
1123 851 1369 916 Iamque
1384 855 1596 904 iterum
1606 851 1756 913 vale,
1771 851 2017 906 salutata
2031 868 2069 905 a
2080 868 2178 905 me
2192 852 2388 906 Matre

183 927 289 974 tua
301 921 667 975 Nobilissima
684 928 739 974 et
756 922 956 975 Fratre
971 921 1360 984 STENONE‚
1383 938 1565 988 quam
1585 923 1998 977 officiolissime.
2021 924 2196 977 Datae
2217 923 2387 977 Haff-

184 994 303 1045 niae
323 991 613 1046 festinanti
634 993 865 1046 calamo
886 994 980 1046 die
1001 994 1074 1047 15.
1096 993 1396 1060 Februarij
1420 994 1583 1046 horis
1602 997 1906 1047 matutinis
1925 996 2107 1048 Anno
2128 996 2274 1049 1576.

1495 1102 1846 1155 IOHANNES
1872 1102 2243 1156 PRATENSIS.

256 1238 316 1283 In
328 1239 471 1284 hunc
485 1240 709 1284 modum
722 1240 1186 1285 Excellentissimus
1199 1240 1285 1284 ille
1299 1240 1665 1293 PRATENSIS,
1684 1241 1843 1285 bonae
1855 1242 2258 1295 recordationis,
2275 1246 2388 1287 tam

187 1298 454 1354 Magnifici
474 1299 691 1343 Domini
710 1300 894 1355 Legati
913 1299 1115 1352 Gallici,
1144 1312 1308 1354 quam
1328 1300 1477 1343 suam
1502 1300 1634 1343 mihi
1654 1301 1897 1355 apperuit
1916 1301 2241 1355 sententiam,
2269 1314 2389 1346 ean-

185 1358 310 1402 dem
335 1358 514 1414 postea
540 1370 666 1403 cum
693 1359 842 1402 simul
869 1359 1107 1411 essemus,
1135 1359 1372 1414 pluribus
1398 1359 1636 1414 exposuit
1656 1363 1708 1403 et
1727 1360 2088 1414 confirmavit;
2115 1362 2389 1417 visumque

185 1417 257 1461 est
281 1418 490 1473 utrique
516 1430 720 1470 eorum,
747 1421 806 1461 ut
831 1418 1049 1462 omnino
1074 1419 1174 1462 has
1195 1430 1228 1461 a
1248 1418 1651 1462 Clementissimo
1671 1420 1806 1475 Rege
1829 1420 2036 1463 oblatas
2061 1421 2390 1465 conditiones

185 1477 515 1532 susciperem,
544 1481 704 1532 atque
723 1478 776 1521 in
794 1477 982 1530 Patria,
1010 1476 1191 1521 relicto
1210 1478 1374 1532 priori
1393 1479 1677 1533 proposito,
1705 1490 1998 1531 manerem,
2025 1479 2184 1535 inque
2207 1481 2319 1524 eius
2339 1484 2391 1524 et

186 1537 333 1592 Regis
352 1537 631 1589 honorem,
653 1548 988 1592 quaecunque
1007 1548 1105 1592 pro
1119 1537 1256 1580 virili
1273 1537 1524 1592 praestare
1544 1538 1759 1593 possem,
1782 1538 1960 1582 sedulo
1981 1540 2212 1583 molirer.
2235 1541 2389 1584 Certo

185 1595 329 1639 enim
349 1596 442 1640 sibi
459 1597 863 1652 persuadebant,
884 1597 1021 1649 haec,
1043 1597 1159 1640 Deo
1180 1597 1248 1640 fic
1269 1598 1480 1641 volente
1501 1600 1554 1640 et
1571 1601 1800 1653 regente,
1827 1598 1916 1652 qui
1935 1599 2101 1643 corda
2122 1599 2318 1654 Regum
2337 1600 2391 1643 in

185 1655 276 1699 sua
289 1656 453 1699 habet
465 1655 735 1711 potestate,
756 1656 886 1700 fieri.
909 1656 1187 1700 Subiunxit
1199 1668 1329 1700 vero
1343 1656 1480 1700 inter
1494 1657 1598 1700 alia
1611 1657 1977 1710 PRATENSIS,
1996 1659 2221 1702 domum
2234 1660 2391 1714 plane

183 1715 604 1771 Philosophicam
631 1715 686 1758 in
713 1715 803 1759 illa
831 1716 1002 1759 Insula
1034 1715 1481 1759 exaedificandam
1514 1716 1629 1768 eBe,
1660 1729 1693 1760 a
1720 1717 2024 1773 vulgaribus
2057 1718 2391 1762 differentem

186 1786 413 1830 quaeque
432 1774 555 1819 hinc
576 1775 698 1819 inde
716 1775 916 1820 habeat
934 1774 1297 1831 inscriptiones
1319 1776 1747 1831 Gnomologicas,
1775 1788 1843 1820 ex
1868 1776 2209 1832 antiquorum
2227 1777 2392 1823 Philo-

185 1834 475 1889 sophorum
494 1837 548 1878 et
565 1835 848 1879 Poetarum
868 1835 1069 1890 scriptis
1094 1835 1306 1890 petitas:
1335 1838 1386 1879 et
1412 1835 1668 1891 sigillatim
1688 1836 1931 1880 recitavit
1951 1836 2259 1890 LUCRETIJ
2278 1849 2392 1882 ver-

185 1893 284 1946 sus,
307 1893 397 1949 qui
414 1893 468 1937 in
486 1893 633 1938 initio
652 1894 771 1938 libri
790 1894 1004 1939 secundi
1022 1894 1307 1939 habentur:

565 1976 770 2031 Suave,
791 1977 933 2021 mari
949 1986 1153 2033 magno
1174 1976 1515 2022 turbantibus
1534 1988 1754 2033 aequora
1778 1977 1973 2032 ventIS,

564 2035 615 2080 E
637 2036 801 2081 Terra
822 2036 1052 2081 alterius
1071 2037 1294 2091 longum
1314 2035 1554 2092 spectare
1573 2036 1834 2082 laborem.

187 2119 247 2163 Et
266 2131 388 2174 quae
408 2119 708 2175 sequuntur,
728 2120 891 2175 usque
911 2120 964 2164 in
983 2120 1084 2164 hos
1102 2121 1284 2164 versus
1305 2131 1439 2175 quos
1459 2120 1621 2164 etiam
1641 2121 1981 2165 memoravit:

563 2202 644 2246 At
658 2202 738 2246 nil
756 2201 977 2246 dulcius
997 2201 1086 2256 est,
1108 2202 1249 2246 bene
1270 2213 1432 2257 quam
1455 2202 1665 2247 munita
1689 2203 1874 2246 tenere

566 2261 728 2305 Edita
749 2260 989 2306 doctrina
1008 2260 1311 2317 sapientum
1337 2263 1540 2317 templa
1559 2261 1766 2316 serena,

564 2319 861 2376 Despicere
884 2321 1028 2365 unde
1049 2321 1214 2376 queat
1232 2321 1390 2375 alica,
1407 2321 1711 2377 paBimque
1734 2322 1922 2366 videre

566 2380 780 2434 Errare,
802 2382 966 2435 atque
988 2380 1133 2425 viam
1152 2380 1399 2435 palantis
1418 2391 1666 2436 quaerere
1688 2381 1832 2435 vitae,

570 2438 791 2484 Certare
811 2439 1048 2495 ingenio,
1070 2440 1402 2484 contendere
1422 2440 1719 2495 nobi1itate,

563 2498 656 2543 Ad
675 2498 918 2543 summas
938 2510 1222 2555 emergere
1242 2510 1396 2555 opeS,
1417 2511 1709 2556 rerumque
1725 2500 1903 2556 potiri.

188 2581 323 2626 Haec
343 2584 397 2626 et
415 2581 599 2626 similia
617 2582 907 2638 parietibus
926 2583 1119 2627 domus
1138 2583 1446 2628 intrinsecus
1470 2583 1801 2639 appingenda
1821 2584 1920 2628 esse
1941 2584 2132 2637 aiebat,
2160 2595 2388 2639 quorum

187 2641 350 2684 etiam
371 2641 653 2686 authorem
667 2645 720 2686 et
731 2642 1139 2687 monstratorem
1153 2642 1391 2687 futurum
1407 2643 1770 2699 pollicebatur.
1793 2644 1898 2699 Ego
1913 2654 2042 2687 vero
2056 2654 2185 2687 mox
2199 2644 2389 2699 Regem

187 2699 591 2754 Serenissimum,
623 2702 713 2757 qui
739 2705 865 2746 tunc
896 2701 1373 2758 Friderigsburgum
1401 2703 1641 2747 reversus
1670 2705 1800 2755 erat,
1834 2703 2112 2754 accedens,
2144 2702 2254 2747 eius
2284 2703 2391 2747 Cle-

187 2760 517 2805 mentissimae
530 2761 791 2805 voluntati
808 2772 896 2805 me
912 2761 1134 2806 libenter
1148 2761 1518 2817 acquieturum
1532 2762 1769 2806 submisse
1785 2762 2030 2806 indicavi.
2051 2762 2224 2817 Atque
2243 2773 2389 2815 mox,

188 2820 318 2863 dum
343 2819 415 2864 ibi
441 2820 685 2873 adessern‚
713 2820 1027 2876 conscriptae
1047 2824 1099 2865 et
1119 2821 1427 2876 subsignatae
1448 2822 1563 2865 sunt
1581 2822 1764 2875 literae,
1793 2822 2040 2866 salarium
2067 2833 2304 2865 annuum
2324 2834 2391 2866 ex

187 2879 381 2923 aerario
401 2880 557 2936 Regio
578 2880 708 2924 mihi
729 2880 1058 2935 deputantes,
1079 2881 1239 2936 idque
1259 2881 1343 2924 die
1367 2880 1434 2924 18.
1458 2881 1740 2937 Februarij.
1768 2879 1987 2937 Adjecta
2006 2882 2122 2924 sunt
2140 2881 2391 2936 sequenti-

188 2938 467 3042 busrangils
496 2940 602 2983 alia
629 2940 890 2984 beneficia
918 2940 1088 2996 Regia,
1119 2943 1171 2984 et
1199 2940 1484 2984 liberaliter
1512 2940 1773 2996 exercitijs
1801 2940 1987 2985 nostris
2013 2940 2390 2985 Astronomicis

188 3009 286 3052 pro
309 3009 376 3053 pe
466 3011 537 3042 m.

259 3056 507 3102 Extrursta
531 2996 710 3114 i‘E'aque
735 3057 807 3103 est
831 3058 884 3102 in
910 3059 1101 3102 eadem
1126 3058 1296 3102 Insula
1315 3059 1426 3102 Arx
1452 3058 1853 3115 Uraniburgica‚
1879 3071 1987 3103 una
2013 3070 2138 3103 cum
2161 3058 2240 3115 ijs,
2267 3071 2389 3114 quae

187 3115 293 3160 huc
313 3117 733 3172 requirebantur,
754 3120 806 3161 et
826 3116 1068 3162 confec‘ta
1087 3117 1263 3172 ibique
1277 3118 1519 3173 disposita
1533 3118 1648 3162 sunt
1661 3118 2009 3163 Instrumenta
2022 3118 2390 3163 Astronomica

188 3175 339 3219 varia
359 3179 412 3219 et
429 3176 789 3232 magnitudine
810 3180 968 3231 atque
987 3177 1229 3221 materiae
1250 3177 1505 3221 soliditate
1523 3178 1905 3233 praepollentia,
1931 3178 2389 3233 quemadmodum

188 3234 242 3277 in
261 3234 396 3279 libro
413 3235 588 3279 nostro
603 3236 670 3279 de
683 3235 1034 3280 Astronomiae
1049 3236 1366 3280 Mechanica
1384 3240 1536 3292 parte
1555 3248 1663 3281 non
1682 3238 1867 3281 saltem
1887 3248 2087 3293 organa
2107 3249 2140 3280 a
2161 3249 2248 3281 me
2268 3248 2390 3281 con-

190 3292 396 3346 strucsta,
419 3295 506 3338 sed
525 3297 578 3338 et
595 3294 705 3350 ipsa
725 3294 970 3348 aedificia,
995 3298 1154 3350 atque
1174 3295 1278 3339 alia
1298 3295 1402 3340 huc
1423 3296 1673 3340 facientia
1692 3297 2073 3351 exprimuntur.
2102 3296 2303 3349 Quibus
2323 3297 2390 3340 de

95 3358 142 3394 4ο
190 3354 359 3397 caulis
369 3354 523 3398 Anno
539 3354 757 3398 demum
769 3354 822 3397 21
843 3366 875 3398 a
889 3354 1199 3400 fundatione
1212 3355 1367 3399 huius
1381 3355 1536 3408 arcis,
1553 3355 1642 3410 qui
1655 3359 1770 3400 erat
1783 3355 2040 3400 CHRISTI
2058 3355 2186 3407 1597,
2209 3354 2387 3399 omnia

2229 3416 2387 3468 isthic
