2644 4030
341 316 644 370 TYCHO
672 316 794 369 AD
822 316 1240 370 IOANNEM
1268 315 1685 370 CRAIGUM
1713 316 1774 368 14
1802 316 2002 369 NOV.
2031 317 2163 369 1591
2262 316 2353 368 313

147 459 397 527 protuli,
432 460 679 512 Novam
712 458 974 512 Stellam
1006 473 1133 512 non
1166 456 1335 524 fuisse
1369 458 1703 521 Cometam,
1737 473 1857 512 nec
1887 458 1953 510 in
1987 457 2359 512 elementari

153 530 430 598 regione,
449 528 566 596 sed
586 530 652 583 in
679 531 943 584 aethere:
966 530 1118 583 licet
1130 528 1433 597 senserim
1453 533 1518 584 et
1528 529 1901 597 protulerim
1927 529 2069 583 fieri
2084 528 2262 596 posse,
2293 532 2361 582 ut

158 601 432 655 Cometae
450 601 515 653 in
538 604 803 668 utraque
814 600 1093 669 regione,
1109 604 1265 669 puta
1280 600 1654 655 elementari
1666 604 1729 654 et
1741 602 2034 663 aetherea,
2059 601 2356 662 oriantur,

155 687 277 740 qua
292 673 368 725 de
380 687 452 726 re
465 675 628 725 aetas
634 669 938 739 posterior
946 670 1177 726 rectius
1189 672 1501 726 iudicabit.
1515 671 1767 725 Primus
1783 671 1971 725 etiam
1985 669 2362 726 labefac‘tavi

84 762 106 796 5
157 742 512 811 opinionem
526 742 837 797 ARISTO
847 744 1035 796 TELI
1033 744 1086 797 S
1101 745 1176 797 de
1200 743 1488 806 Cometis,
1512 758 1699 810 quam
1718 743 2121 798 CRAIGIUS
2133 743 2358 796 mordi-

156 830 272 868 cus
290 814 534 876 retinet,
558 816 623 867 et
633 829 753 881 pro
767 829 844 868 ea
861 816 1035 868 velut
1045 829 1166 882 pro
1181 815 1314 868 aris
1329 818 1394 868 et
1404 814 1567 868 focis
1582 815 1915 882 depugnat.
1940 814 2116 877 Sunt,
2139 814 2357 876 fateor,

154 900 314 948 mea,
344 899 485 953 quae
506 887 636 938 tum
656 885 852 948 attuli,
882 887 1214 939 admodum
1235 885 1440 949 exilia,
1470 889 1546 948 et,
1577 887 1782 953 quoad
1800 883 2137 939 doc‘trinam
2152 887 2360 953 paral-

155 956 409 1019 laxium,
425 956 704 1024 plurima
722 956 788 1008 in
809 956 907 1010 eis
928 954 1272 1023 desiderari.
1305 957 1436 1010 Sed
1452 960 1516 1011 et
1531 959 1673 1010 haec
1693 956 1993 1024 deinceps
2013 956 2360 1024 aliquantu·

157 1029 287 1082 lum
307 1027 670 1096 recognovi.
701 1029 786 1081 Tu
808 1043 962 1082 vero
980 1028 1086 1081 his
1096 1027 1458 1096 supremam
1478 1043 1735 1081 manum
1762 1025 2106 1095 imposuisti.
2138 1028 2361 1093 Quam-

68 1117 110 1152 ιο
160 1100 374 1153 obrem
396 1099 508 1152 tibi
523 1098 794 1153 libenter
810 1114 1007 1153 arena
1028 1101 1196 1153 cedo.
1218 1099 1383 1152 Mihi
1398 1099 1642 1153 interea
1663 1100 1830 1166 apud
1846 1100 2044 1152 bonos
2065 1102 2130 1152 et
2139 1099 2362 1166 proba-

161 1174 260 1224 tos
279 1171 362 1224 ad
380 1170 650 1233 veniam,
671 1185 798 1223 non
821 1170 959 1224 dico
979 1173 1062 1223 ad
1071 1170 1365 1239 gratiam,
1388 1171 1875 1238 promerendam
1887 1169 2175 1237 sufficiet,
2204 1171 2368 1238 quod

158 1242 224 1295 in
251 1241 518 1310 negocio
537 1239 821 1323 profecto
841 1241 1085 1295 difficiJi
1106 1241 1297 1309 (quod
1312 1256 1498 1295 nemo
1520 1256 1810 1308 unquam,
1842 1243 2005 1308 quod
2014 1240 2228 1308 sciam
2257 1256 2363 1309 ag-

155 1313 355 1382 gredi,
383 1328 503 1367 nec
529 1313 610 1366 ab
636 1312 928 1380 opinione
947 1312 1506 1367 ARISTOTELIS
1523 1311 1853 1394 discedere,
1880 1316 2051 1366 metu
2073 1310 2365 1366 obtrecta-

162 1388 365 1438 torum
397 1387 461 1438 et
485 1384 859 1447 invidorum,
895 1384 1119 1452 quibus
1150 1383 1261 1437 Vix
1291 1399 1567 1451 unquam
1598 1383 1700 1436 vir
1727 1384 1929 1437 bonus
1959 1399 2035 1437 ac
2064 1382 2276 1437 doctus
2305 1386 2371 1437 et

71 1474 112 1508 15
165 1455 455 1510 veritatis
484 1455 698 1524 magis
730 1470 915 1523 quam
949 1454 1246 1509 amicitiae
1275 1452 1580 1522 studiosus
1610 1453 2001 1521 satisfecerit,
2042 1453 2231 1521 ausus
2263 1452 2367 1520 est)

157 1542 278 1595 pro
308 1526 479 1580 Virili
502 1527 794 1580 laborare
817 1524 1170 1592 studuerim,
1198 1524 1577 1594 primusque,
1613 1529 1682 1580 ut
1711 1525 1853 1588 dixi,
1887 1526 1953 1578 in
1985 1527 2105 1579 hoc
2134 1527 2367 1594 angulo

161 1600 330 1652 hanc
345 1597 620 1666 glaciem
632 1597 962 1665 secuerim,
982 1601 1045 1652 et
1055 1597 1122 1650 in
1136 1597 1460 1666 incognita
1476 1597 1581 1651 Via
1594 1612 1802 1651 novas
1816 1597 2053 1651 orbitas
2065 1595 2367 1664 impresse-

163 1669 300 1722 rim.
338 1669 586 1724 Utinam
610 1684 763 1723 vero
786 1669 1189 1724 CRAIGIUS
1207 1684 1351 1723 mea
1376 1669 1485 1722 illa
1513 1669 1702 1723 exilia
1721 1667 1946 1735 saltem
1968 1669 2188 1722 umbra
2211 1668 2368 1722 veri-

165 1741 316 1795 tatis
336 1740 632 1795 evincere
646 1738 942 1808 potuisset,
963 1738 1296 1806 habuissem
1316 1740 1411 1793 illi
1422 1741 1718 1809 gratiam.
1742 1740 1872 1794 Sed
1889 1755 2031 1794 cum
2051 1755 2178 1794 non
2192 1743 2369 1807 potu-

70 1830 116 1865 20
166 1812 301 1875 erit,
328 1827 448 1866 nec
467 1812 704 1879 poterit
721 1827 1012 1879 unquam,
1039 1811 1269 1865 mirum
1280 1811 1438 1879 sane
1458 1827 1584 1865 non
1606 1809 1701 1877 est,
1732 1813 1895 1878 quod
1912 1815 2018 1865 tua
2037 1809 2370 1876 firmissima

157 1881 631 1951 solidissimaque
651 1899 733 1937 ne
750 1883 1012 1937 minima
1034 1883 1281 1951 quidem
1301 1883 1366 1936 in
1381 1886 1567 1951 parte
1586 1880 1990 1937 labefac‘tarit.
2019 1884 2157 1936 Hoc
2179 1897 2370 1935 unum

167 1952 2370 2093 3323}ss’0²3zffssssaessssffffsgzssgzsszssgffgzzflffiffiiffifflffssx·

166 2097 342 2160 ritas,
369 2097 520 2151 licet
536 2098 741 2151 adhuc
762 2096 1003 2164 deserta
1025 2100 1088 2150 et
1098 2112 1358 2164 pauper,
1384 2112 1504 2151 nec
1523 2097 1684 2150 fulta
1695 2095 2020 2163 splendido
2040 2096 2248 2164 aliquo
2261 2111 2371 2163 pa-

74 2187 120 2221 25
170 2168 434 2223 trocinio
451 2170 555 2222 vel
568 2172 854 2223 veterum
877 2170 982 2222 νε]
998 2168 1347 2222 recentium
1367 2167 1896 2235 Philosophorum,
1920 2168 2143 2222 efferet
2161 2171 2372 2221 tamen

162 2239 315 2307 suos
348 2239 562 2294 radios
598 2239 898 2307 deinceps
933 2239 1171 2293 clarius
1200 2237 1725 2307 splendescetque,
1764 2239 2170 2306 quantumvis
2204 2253 2374 2292 nunc

170 2311 421 2365 frivolis
443 2310 801 2379 quibusdam
823 2308 1267 2365 obiectionibus
1287 2314 1351 2364 et
1367 2308 1713 2378 sophisticis
1732 2310 2107 2364 ratiunculis
2128 2311 2373 2364 obtene-

171 2384 400 2437 bretur.
427 2382 608 2436 Certe
621 2381 672 2449 si
689 2382 830 2450 quis
848 2382 1111 2436 meliora
1131 2380 1367 2447 nostris,
1391 2396 1532 2449 quae
1551 2383 1656 2435 νε]
1675 2383 1750 2435 de
1763 2383 1946 2435 Nova
1962 2382 2160 2435 Stella
2176 2383 2281 2435 vel
2299 2382 2375 2434 de

64 2463 146 2507 16
177 2453 450 2508 Cometis
463 2453 859 2522 protulimuS,
882 2450 902 2522 ΙΙ
924 2456 989 2507 et
1000 2454 1115 2507 abs
1131 2456 1191 2507 te
1202 2452 1465 2520 solidius
1478 2454 1674 2506 multo
1687 2454 1937 2520 prolata
1949 2452 2111 2520 sunt,
2134 2452 2373 2514 afferet,

77 2542 124 2577 30
171 2525 441 2579 libenter
469 2523 928 2593 amplectemur.
960 2526 1191 2578 Verum
1226 2524 1332 2592 qui
1360 2540 1480 2578 nec
1510 2524 1773 2578 meliora
1802 2523 2002 2587 affert,
2036 2539 2155 2578 nec
2178 2522 2376 2591 solide

173 2596 383 2650 aliena
398 2597 650 2659 refutat,
663 2595 778 2664 sed
790 2599 1031 2649 tantum
1047 2596 1332 2650 certandi
1341 2594 1537 2661 studio
1552 2595 1935 2658 contradicit,
1959 2610 2040 2648 an
2054 2595 2115 2648 is
2129 2594 2380 2649 candidi

174 2670 239 2722 et
255 2667 423 2735 aequi
439 2665 830 2733 aestimatoris
843 2670 1067 2735 partes
1087 2670 1252 2736 agat,
1283 2666 1427 2734 alijs
1448 2666 1910 2735 dijudicandum
1929 2667 2232 2734 relinquo.
2260 2665 2376 2719 Mi-

173 2754 296 2802 ror,
324 2754 440 2792 cur
466 2739 870 2794 CRAIGIUS
889 2737 1107 2805 miscet
1130 2753 1337 2792 meam
1364 2740 1611 2791 Novam
1640 2738 1902 2792 Stellam
1930 2753 2072 2791 cum
2097 2752 2240 2791 meo
2270 2737 2376 2791 Co-

174 2813 359 2873 meta,
391 2825 533 2864 cum
560 2813 812 2878 egomet
834 2810 1112 2878 ingenue
1137 2807 1325 2874 fassus
1346 2807 1471 2875 sim,
1504 2809 1940 2863 certitudinem
1964 2824 2250 2863 mearum
2278 2809 2377 2862 ob-

82 2899 127 2933 35
169 2880 600 2949 servationum
625 2881 898 2935 Cometae
923 2896 1048 2934 non
1069 2879 1232 2948 posse
1258 2883 1504 2934 certare
1532 2895 1673 2934 cum
1701 2880 2073 2934 certitudine
2094 2879 2377 2947 observa-

178 2952 416 3006 tionum
431 2954 632 3006 Novae
649 2953 880 3014 Stellae,
903 2967 1107 3019 neque
1123 2951 1281 3004 mihi
1298 2950 1466 3017 fuisse
1487 2953 1569 3004 ad
1583 2967 1840 3005 manum
1862 2967 1939 3006 ea
1957 2949 2376 3017 instrumenta,

177 3039 381 3091 neque
395 3039 509 3077 eas
524 3023 1000 3078 commoditates
1011 3021 1383 3090 observandi
1396 3023 1729 3086 Cometam,
1749 3038 1908 3090 quas
1920 3023 2113 3077 habui
2120 3022 2186 3075 in
2198 3023 2380 3076 Nova

181 3095 395 3148 Stella.
422 3092 590 3160 Nosti
612 3094 803 3148 etiam
827 3097 1063 3148 memet
1085 3097 1149 3147 et
1170 3094 1235 3146 in
1259 3095 1442 3147 Nova
1464 3094 1661 3148 Stella
1688 3097 1753 3148 et
1773 3094 1839 3146 in
1865 3095 2132 3157 Cometa,
2163 3093 2380 3162 agnita

183 3165 465 3228 veritate,
476 3165 710 3233 partim
713 3164 935 3232 sponte
948 3165 1197 3219 correxi
1189 3163 1271 3230 βε
1283 3166 1585 3233 quaedam,
1594 3165 1827 3233 partim
1840 3166 1954 3219 abs
1966 3169 2027 3219 te
2038 3169 2103 3220 et
2111 3181 2149 3219 a
2159 3166 2380 3218 PRAE-

86 3253 133 3288 40
191 3236 435 3291 TORIO
446 3235 701 3304 ah‘quue
714 3238 790 3290 de
802 3235 1159 3303 quibusdam
1175 3237 1377 3290 amice
1390 3236 1693 3290 monitum
1707 3239 2010 3291 nonnulla
2024 3235 2380 3302 emendasse.

183 3307 400 3376 Magis
405 3306 562 3374 sane
574 3307 784 3370 miror,
803 3307 1004 3361 CRAI
1005 3307 1094 3362 GI
1098 3308 1227 3362 UM
1230 3307 1404 3361 illam
1419 3308 1827 3362 mutationem
1833 3307 2165 3375 sententiae
2178 3308 2243 3360 in
2256 3323 2381 3361 me-

182 3379 324 3442 lius,
343 3376 510 3446 quasi
512 3379 760 3446 probro,
776 3378 1204 3433 incertitudini
1215 3382 1279 3433 et
1289 3376 1715 3444 inconstantiae
1729 3377 2094 3446 adscribere,
2109 3394 2249 3448 quae
2262 3379 2382 3432 Vir-

326 3461 373 3496 40
2271 3450 2388 3504 tuti
