2644 4030
265 293 369 344 276
798 286 1234 339 EPISTOLAE
1260 286 1930 338 ASTRONOMICAE

263 433 365 484 tali
395 430 613 483 artifice
644 430 859 482 alicubi
890 431 1209 493 quicquam
1239 427 1563 488 constiterit,
1595 428 1670 479 da
1700 443 1944 492 operam
1973 434 2036 479 ut
2065 443 2203 480 eum
2232 434 2461 480 mature

263 503 533 562 habeam,
568 507 623 553 et
654 508 786 553 tuos
817 503 995 552 etiam
1023 499 1255 552 labores
1284 514 1441 564 urge,
1476 515 1584 551 nec
1616 501 1869 551 nimium
1897 499 2266 563 procrastina.
2297 499 2460 552 Vale.

264 573 467 626 Saluta
498 588 747 624 uxorem
779 573 903 623 una
935 586 1070 622 cum
1102 569 1447 622 Parentibus
1480 577 1534 622 et
1565 570 1778 622 liberis,
1813 570 1988 621 Datae
2020 570 2380 636 Uraniburgi
2411 572 2460 623 5.

265 643 466 697 Od'tob·
488 643 630 695 1590.
1618 675 1783 728 Tuus
1808 675 2048 730 TYCHo
2076 677 2319 729 BRAHE.

265 878 313 923 [E
335 879 477 916 codice
500 877 749 914 Monacensi
770 878 836 913 lat.
862 878 975 913 10363
996 876 1106 919 (coll.
1128 877 1160 912 C
1164 887 1336 912 aaaaaaa
1358 877 1454 912 XIII
1475 875 1554 920 77)]

382 964 1445 1039 EXCELLENTISSIMO
1490 963 1629 1036 ET
1670 963 2348 1037 CLARISSIMO

263 1070 448 1122 VIRO
471 1069 809 1123 DOMINO
828 1069 1251 1121 IOACHIMO
1271 1067 1764 1127 CAMERARIO,
1786 1067 2348 1120 PHILOSOPHIAE
2367 1066 2464 1119 ET

402 1152 834 1205 MEDICINAE
861 1151 1220 1205 DOCTORI
1247 1150 1556 1211 EXIMIO,
1584 1150 2215 1214 EARUNDEMQUE
2242 1150 2328 1202 IN

589 1235 924 1288 INCLYTA
952 1234 1675 1288 NORIBERGENSIUM
1702 1233 2145 1286 REPUBLICA

722 1317 1196 1379 EXCULTORI,
1224 1317 1322 1370 ET
1349 1317 1527 1378 CIVI,
1554 1317 1823 1370 AMICO
1852 1317 2008 1370 SUO

970 1400 1323 1453 INPRIMIS
1351 1400 1757 1453 COLENDO.

440 1527 454 1570 χ
480 1505 677 1543 f«
710 1497 1125 1550 LARISSIME
1156 1503 1210 1548 et
1240 1495 1606 1548 eruditissime
1632 1498 1737 1556 vir,
1769 1498 1957 1547 amice
1986 1494 2355 1558 summopere
2383 1494 2463 1546 di-

392 1555 675 1642 ,ἯᾹ
710 1568 869 1621 lecte.
907 1568 1074 1633 Quas
1107 1568 1182 1620 ad
1213 1583 1309 1620 me
1343 1570 1496 1619 circa
1526 1564 1972 1632 AEquinod'tium
2003 1581 2255 1618 vernum
2287 1565 2465 1618 huius

278 1642 316 1710 ¹233
386 1621 674 1721 ›1471‘5
711 1643 854 1692 anni
875 1640 1088 1700 dedisti,
1115 1639 1378 1691 literulas
1399 1641 1613 1702 accepi,
1642 1645 1696 1690 et
1720 1638 1879 1703 quod
1899 1637 2122 1690 tardius
2142 1644 2318 1702 atque
2338 1638 2463 1689 bre-

427 1702 676 1793 23fflssl
709 1715 858 1772 viuS,
892 1727 1074 1776 quam
1107 1709 1503 1775 expectabam,
1536 1712 1684 1761 meis
1716 1712 1837 1762 iam
1869 1709 2093 1761 dudum
2126 1708 2202 1761 ad
2230 1715 2286 1760 te
2315 1709 2465 1761 datis

466 1785 684 1889 Ι
710 1780 2465 1916 ἑῗὲῗὲῗῑῖῗίῗὲὶὲῖιῖῗιῖἑἱὲἓῗιὲῗῑῖἓῐέωἶῗὲῗὲῐεἶξῗεῖἑᾞιῖῗῖΐῑ

264 1927 408 1979 bens
442 1926 779 1979 excusatum
810 1925 1019 1978 habeo,
1055 1925 1296 1976 Librum
1324 1939 1527 1976 meum
1555 1923 1874 1976 secundum
1906 1925 2302 1975 recentiorum
2331 1922 2466 1975 coeli

265 1998 725 2050 Phaenomenoen
753 1997 856 2049 tibi
886 1996 1149 2056 allatum,
1179 2011 1288 2047 nec
1318 1995 1667 2060 displicuisse,
1698 1994 1845 2046 mihi
1875 1995 2082 2046 auditu
2111 2001 2340 2059 gratum
2367 1993 2464 2054 est;

266 2070 542 2134 quodque
563 2069 733 2120 illum
748 2069 823 2121 ad
837 2068 1119 2120 Illustrem
1135 2074 1190 2119 et
1205 2066 1562 2119 excellentiss.
1578 2069 1774 2118 virum
1788 2066 2120 2118 Dominum
2133 2065 2464 2118 VINCEN-

265 2140 475 2193 TIUM
496 2140 907 2192 PINELLUM
929 2139 1239 2191 Patavium
1258 2138 1496 2199 miseriS,
1518 2137 1713 2190 adhuc
1732 2137 1921 2189 multo
1941 2139 2234 2202 acceptius
2254 2136 2464 2189 habe0.

266 2212 326 2264 Si
352 2216 417 2273 iS‚
445 2218 508 2264 ut
535 2212 609 2263 est
630 2211 1070 2263 Mathematum
1095 2210 1389 2275 infigniter
1414 2212 1650 2275 perituS‚
1678 2209 1848 2261 suum
1873 2210 2263 2274 gravissimum
2289 2214 2466 2272 atque

266 2284 702 2336 eruditissimum
723 2283 794 2334 de
816 2285 902 2348 ijs,
931 2298 1066 2346 quae
1089 2281 1235 2333 inibi
1256 2284 1644 2342 continentur,
1672 2296 1775 2346 per
1800 2280 1998 2332 literas
2018 2281 2467 2341 communicarit

265 2356 565 2414 iudicium,
596 2355 791 2406 adhuc
819 2354 992 2419 longe
1021 2354 1390 2419 gratissimam
1418 2368 1544 2404 rem
1570 2358 1691 2404 tam
1720 2351 1818 2403 ille
1846 2367 2028 2416 quam
2053 2357 2117 2403 tu
2142 2350 2289 2403 mihi
2318 2366 2464 2416 prae-

265 2426 524 2478 stiteritiS.
556 2426 755 2490 quue,
786 2431 849 2477 ut
877 2432 1107 2477 mature
1136 2423 1316 2484 fieret,
1349 2430 1706 2489 exoptarem.
1737 2423 2002 2475 Intellexi
2031 2426 2152 2475 iam
2178 2437 2367 2487 nuper
2394 2437 2466 2474 ex

265 2498 444 2550 literis
472 2498 773 2549 cuiusdam
796 2496 1045 2549 Studiofi
1068 2496 1246 2556 Dani,
1275 2498 1377 2560 qui
1404 2496 1624 2560 Patavij
1653 2495 1850 2560 studijs
1876 2494 2176 2555 incumbit,
2205 2493 2464 2555 GELLIJ

266 2569 717 2622 SASCERIDIS
738 2571 997 2628 nomine,
1023 2570 1125 2632 qui
1146 2565 1486 2619 octennium
1506 2567 1654 2618 mihi
1673 2569 1735 2618 in
1755 2566 1952 2631 studijs
1972 2565 2391 2617 Astronomicis
2412 2571 2467 2617 et

265 2642 667 2706 Pyronomicis
685 2640 988 2705 diligenter
1004 2639 1315 2700 inservivit,
1336 2636 1614 2703 praedid‘to
1630 2638 1895 2690 Domino
1910 2637 2246 2689 PINELLO
2261 2634 2464 2688 tracta-

266 2713 456 2764 tulum
478 2715 654 2764 etiam
676 2712 976 2775 quendam
996 2726 1199 2762 meum
1219 2710 1290 2762 de
1311 2710 1490 2762 huius
1511 2712 1654 2762 anni
1670 2710 1921 2762 Cometa
1940 2708 2086 2760 forte
2106 2715 2210 2760 tua
2227 2723 2464 2772 quoque

267 2800 448 2848 opera
474 2784 765 2835 redditum
793 2784 912 2842 esse,
941 2788 1140 2847 utpote
1165 2782 1238 2834 ab
1263 2781 1627 2833 Illustrissimo
1649 2781 1914 2845 Principe
1936 2780 2151 2831 Hassiae
2171 2779 2464 2844 Landgra-

266 2858 373 2913 vio
387 2855 483 2919 (ad
499 2870 675 2919 quem
696 2854 795 2906 ista
815 2854 1066 2906 breviter
1085 2853 1549 2917 perscripseram)
1566 2853 1668 2904 tibi
1684 2851 2082 2904 transmissum.
2105 2850 2301 2914 Quem
2315 2850 2465 2902 adeo

266 2926 547 2978 secretum
569 2932 623 2978 et
644 2926 890 2978 charum
910 2925 1141 2985 habeat,
1169 2931 1232 2976 ut
1252 2940 1327 2976 ne
1351 2924 1640 2977 GELLIO
1663 2924 1902 2988 quidem
1925 2938 2060 2974 meo
2086 2922 2310 2974 nedum
2335 2921 2466 2986 alijs

269 3013 406 3049 eum
421 2997 754 3057 describere,
770 2999 999 3049 nomini
1013 2996 1204 3048 nostro
1221 2995 1328 3059 (uti
1343 2995 1445 3059 ait)
1460 2995 1682 3055 savem,
1699 2994 1995 3047 concedat.
2018 2993 2171 3057 Quae
2185 2995 2296 3045 viri
2309 2992 2467 3044 illius

267 3069 487 3120 sincera
517 3075 571 3120 et
598 3068 889 3120 benevola
919 3084 1054 3133 erga
1082 3083 1177 3119 me
1208 3068 1279 3120 de
1308 3067 1457 3119 facie
1485 3066 1571 3118 illi
1599 3069 1866 3132 ignotum
1894 3065 2168 3117 voluntas
2198 3066 2465 3128 inprimis

270 3155 509 3190 omnem
537 3140 949 3204 gratitudinem
978 3145 1250 3191 meretur.
1282 3139 1342 3191 Si
1373 3145 1426 3190 et
1456 3138 1527 3190 de
1556 3138 1669 3190 hac
1697 3138 1963 3191 Cometae
1992 3136 2149 3188 illius
2180 3135 2463 3199 descripti-

269 3210 488 3262 uncula
504 3210 669 3262 suam
688 3211 978 3262 eruditam
992 3210 1352 3262 subiunxerit
1366 3209 1688 3270 censuram,
1708 3208 2075 3260 benefecerit.
2091 3207 2348 3258 Tomum
2361 3221 2465 3257 no-

269 3282 444 3332 strum
470 3284 743 3345 primum,
772 3284 873 3346 qui
898 3284 1019 3333 iam
1044 3284 1195 3347 typis
1220 3284 1368 3333 meis
1390 3296 1542 3345 pene
1566 3280 1862 3335 absolutus
1884 3279 1974 3339 est,
2001 3278 2244 3331 restante
2265 3277 2466 3329 saltem

269 3352 478 3404 ultimo
506 3358 560 3404 et
587 3353 814 3404 decimo
844 3355 1030 3417 capite
1061 3353 1135 3404 ob
1165 3355 1373 3418 papyri
1401 3353 1772 3416 impressoriae
1802 3348 2091 3403 defectum
2122 3350 2238 3414 (eui
2266 3356 2465 3400 tamen

2228 3435 2465 3484 propria

2512 693 2534 728 5

2512 875 2540 919 ἦ.

2507 988 2564 1030 2v

2518 1250 2560 1285 10

2513 1504 2559 1546 11·

2518 1654 2560 1690 15

2515 2012 2561 2046 20

2515 2369 2561 2403 25

2514 2724 2560 2759 30

2514 3081 2561 3115 35
