2644 4030
84 1144 191 1188 105¹

117 2153 164 2188 25

119 2867 166 2902 35

90 2930 201 2974 105v

326 279 630 333 TYCHO
658 279 781 332 AD
808 279 1290 333 HENRICUM
1318 279 1778 333 BRUCAEUM
1804 280 1838 331 4
1865 280 2063 333 NOV.
2093 280 2238 333 1588
2313 277 2404 332 163

209 429 264 475 et
291 422 434 476 utile
464 423 539 475 est
567 422 893 475 admodum
920 422 1183 475 sedulam
1207 425 1271 476 in
1297 422 1684 476 Cometarum
1712 422 1818 475 fitu
1848 429 1902 474 et
1930 429 2096 474 motu
2125 422 2405 475 adhibere

209 494 668 560 descriptionem.
690 494 981 547 Praeterea
999 494 1132 546 licet
1145 494 1230 546 illi
1243 510 1347 560 per
1359 494 1415 547 se
1430 509 1554 546 non
1566 494 1700 547 satis
1715 494 1872 559 digni
1886 494 2240 555 viderentur,
2263 509 2404 558 quo·

208 581 342 618 rum
363 565 536 618 causa
551 572 747 618 tantos
759 565 992 618 labores
1007 565 1308 618 exantlare
1323 571 1605 631 oporteat,
1627 565 1915 618 esttamen
1930 565 2212 630 quiddam
2226 565 2405 625 aliud,

209 652 312 689 cur
338 637 587 702 idipsum
612 636 741 689 fieri
766 652 873 702 pro
898 639 1195 702 perpetuis
1219 637 1334 689 illis
1356 637 1635 690 sideribus
1654 636 1942 701 totiusque
1964 636 2100 689 coeli
2118 643 2332 689 natura
2353 643 2408 688 61

209 707 574 773 dispositione
593 710 849 772 penitius
868 708 1292 773 perscrutandis
1314 709 1464 761 adeo
1486 708 1771 773 expediat,
1793 714 1858 760 ut
1876 708 2116 760 aliunde
2137 708 2294 760 idem
2308 710 2407 759 vix

209 779 468 832 constare
482 786 675 844 queat.
690 779 948 844 Ideoque
964 795 1072 845 ego
1087 794 1160 831 ex
1173 779 1286 832 hac
1299 785 1575 832 accurata
1585 779 1971 832 Cometarum
1984 781 2291 844 praeteritis
2305 794 2407 831 an-

208 853 300 903 nis
320 850 781 903 consideratione
801 850 990 903 multa
1008 851 1084 903 ad
1103 857 1288 903 totam
1313 867 1438 903 rem
1459 851 1930 903 Astronomicam
1955 850 2244 911 facientia,
2272 865 2407 915 quae

208 937 333 974 non
352 924 520 987 parvi
538 924 826 974 momenti
845 921 990 982 sunt,
1012 922 1395 987 deprehendi;
1416 929 1502 975 ut:
1523 922 1743 975 coelum
1762 938 1886 975 non
1900 921 2158 974 constare
2172 921 2308 974 ullis
2322 937 2407 973 re-

209 992 417 1054 alibus,
445 993 606 1046 duris
630 999 686 1045 et
707 995 1009 1059 impervijs
1030 993 1285 1055 orbibus,
1306 993 1467 1046 velut
1487 1000 1609 1046 tota
1629 994 1869 1046 credidit
1887 994 2226 1058 Antiquitas
2248 999 2303 1045 et
2322 1007 2408 1044 re-

210 1067 538 1117 centiorum
558 1063 754 1117 adhuc
774 1080 956 1130 quam
975 1064 1236 1130 plurimi:
1258 1065 1455 1117 nullos
1469 1065 1598 1117 dari
1612 1064 1923 1130 epicyclos:
1944 1064 2190 1117 Terram
2203 1079 2410 1116 revera

210 1139 522 1189 annuatim
541 1151 665 1188 non
685 1138 1008 1197 circumire,
1030 1131 1051 1205 ΙΙ
1072 1143 1127 1189 61
1146 1135 1428 1201 pleraque
1455 1136 1590 1197 alia,
1617 1136 1689 1188 de
1716 1135 1930 1200 quibus
1951 1138 2104 1188 circa
2123 1135 2306 1188 finem
2325 1142 2408 1187 to-

209 1210 324 1260 tius
345 1210 539 1273 operis
560 1207 846 1272 copiofius
869 1205 1068 1260 113610.
1095 1207 1307 1272 Sicque
1332 1223 1437 1272 per
1462 1207 1618 1260 hanc
1643 1207 2021 1259 ascititiorum
2041 1213 2095 1258 et
2114 1221 2410 1258 novorum

210 1278 461 1331 fiderum
494 1279 839 1344 exquisitam
871 1278 1442 1331 animadversionem
1473 1281 1634 1331 viam
1667 1294 1831 1343 parO,
1870 1281 1991 1330 imo
2023 1277 2411 1330 fundamenta

209 1366 371 1416 pono
385 1352 472 1416 ijs,
488 1365 624 1416 quae
637 1353 701 1404 in
714 1357 837 1403 toto
851 1349 954 1402 illo
968 1365 1146 1415 opere
1160 1349 1568 1402 Astronomico
1583 1351 1737 1402 circa
1749 1352 2101 1414 perennium
2116 1355 2171 1401 et
2184 1349 2410 1401 mundo

210 1437 552 1474 coaevorum
586 1421 870 1474 astrorum
905 1424 1281 1486 apparentias
1314 1436 1382 1473 ac
1414 1421 1813 1473 revolutiones
1851 1420 2317 1486 redintegranda,
2357 1425 2412 1471 et

211 1493 373 1558 quali
386 1493 459 1545 de
473 1509 633 1545 novo
647 1493 1040 1553 instauranda,
1061 1491 1295 1545 favente
1316 1493 1518 1544 divino
1539 1491 1782 1552 auxilie,
1803 1491 2095 1557 proposui,
2116 1493 2179 1543 in
2199 1491 2412 1555 quibus

211 1567 390 1617 etiam
408 1564 598 1617 indies
618 1565 806 1617 arduo
828 1571 883 1616 et
901 1563 1174 1616 indefesso
1195 1566 1510 1616 conamine
1531 1563 1789 1616 elabor0.
1817 1563 1944 1615 Imo
1972 1569 2027 1615 et
2052 1565 2114 1614 in
2137 1562 2229 1614 his
2251 1562 2411 1614 libris

211 1635 283 1688 de
309 1638 619 1688 neotericis
644 1635 781 1688 coeli
799 1634 1219 1688 Phaenomenis
1244 1635 1433 1688 multa
1458 1635 1534 1688 ad
1560 1650 1686 1687 rem
1705 1634 2178 1687 Astronomicam
2202 1632 2412 1686 rectius

211 1722 394 1772 quam
430 1705 715 1760 hactenus
753 1707 1217 1760 constituendam
1254 1707 1357 1759 diu
1393 1706 1599 1759 frustra
1629 1706 1950 1758 desiderata
1981 1711 2411 1771 proponuntur,

212 1778 414 1843 qualia
433 1778 563 1831 sunt
582 1778 803 1831 Solaris
824 1778 1022 1830 cursus
1043 1776 1247 1831 exacta
1266 1778 1559 1838 restitutio,
1587 1778 1839 1830 Lunaris
1865 1777 2189 1830 latitudinis
2215 1791 2412 1828 emen-

211 1850 387 1911 datio,
411 1849 729 1903 affixarum
748 1850 1043 1903 stellarum
1063 1849 1386 1902 verificatio
1407 1856 1462 1902 et
1482 1849 1785 1915 plaeraque
1806 1848 1941 1910 alia,
1969 1864 2104 1913 quae
2124 1863 2228 1913 per
2248 1863 2412 1900 occa-

210 1921 433 1974 fionem
458 1921 675 1974 harum
700 1921 1181 1974 secundariarum
1205 1921 1501 1973 stellarum
1526 1921 1917 1973 Astronomiae
1944 1919 2263 1971 cultoribus
2289 1934 2413 1970 non

211 2008 397 2059 parvo
417 2008 455 2045 a
473 2009 570 2045 me
589 1993 792 2046 labore
813 2000 868 2045 et
886 1992 1071 2045 studio
1099 1992 1422 2057 conquisita
1447 1994 1840 2044 communico,
1868 1991 1961 2044 Sic
1987 1993 2166 2043 etiam
2191 2005 2413 2042 novam

211 2063 368 2117 hanc
381 2064 753 2130 Hypothefin
771 2063 1025 2129 mihiipfi
1044 2063 1226 2129 usque
1240 2066 1301 2116 in
1316 2063 1776 2128 publicationem
1793 2063 2000 2127 integri
2014 2063 2207 2126 operis
2221 2060 2412 2112 Astro-

213 2137 433 2188 nomici
458 2136 837 2197 reservassem,
865 2135 971 2187 nifi
991 2135 1243 2188 Cometa
1269 2135 1366 2187 ille
1393 2137 1537 2187 anni
1563 2135 1691 2187 1577
1718 2137 1871 2186 circa
1890 2133 2089 2186 Solem
2111 2131 2414 2184 revolutus

211 2222 308 2259 me
322 2207 617 2265 invitasset‚
632 2213 697 2259 ut
711 2210 838 2260 eius
851 2206 1324 2272 propalationem
1336 2221 1408 2258 eo
1422 2208 1485 2257 in
1498 2205 1647 2258 libro
1659 2206 2049 2265 admitterem3
2065 2203 2216 2256 adeo
2228 2202 2414 2255 multa

214 2284 268 2331 et
287 2293 506 2344 magna
524 2278 620 2330 vel
640 2294 712 2330 ex
732 2277 844 2331 hac
864 2278 987 2330 sola
1007 2278 1395 2330 Cometarum
1414 2276 1733 2338 occasione,
1761 2274 2046 2328 hactenus
2068 2277 2267 2327 minus
2286 2289 2413 2339 per-

213 2348 418 2415 specta,
439 2352 502 2401 in
520 2349 715 2402 lucem
734 2349 1104 2415 protulimuS,
1126 2355 1181 2400 et
1200 2348 1434 2401 favente
1455 2348 1737 2408 Numine,
1763 2346 2140 2412 imposterum
2159 2345 2412 2411 profere-

213 2437 347 2473 mus
367 2420 623 2473 uberiuS.
649 2420 828 2485 Quod
847 2420 889 2472 fi
907 2419 1050 2472 talia
1069 2419 1276 2484 scripta
1296 2421 1419 2472 una
1439 2435 1576 2472 cum
1596 2421 1684 2484 ijs,
1705 2419 1777 2471 de
1798 2417 2011 2483 quibus
2031 2423 2227 2483 agunt,
2248 2416 2413 2469 Phae-

213 2494 503 2553 nomeniS,
526 2492 780 2545 evanida
798 2491 944 2553 sunt,
965 2493 1168 2556 utique
1183 2491 1278 2543 vel
1292 2491 1366 2543 ob
1381 2493 1735 2555 perennium
1755 2504 2086 2554 corporum,
2108 2489 2180 2541 de
2201 2488 2414 2552 quibus

213 2565 337 2616 una
355 2562 553 2615 multis
572 2566 636 2615 111
655 2563 799 2616 10615
819 2569 1016 2629 agunt,
1037 2562 1560 2614 considerationem
1575 2561 1926 2626 aliquandiu
1938 2560 2215 2624 superesse
2229 2574 2413 2611 mere-

213 2636 448 2695 buntur,
470 2650 578 2686 nec
598 2637 680 2687 ita
698 2634 887 2694 facile,
908 2640 972 2687 ut
992 2640 1055 2686 tu
1076 2636 1377 2694 ominariS,
1398 2632 1806 2686 abolebuntur.
1829 2632 1898 2684 Et
1917 2631 2064 2683 forte
2081 2637 2204 2683 tam
2218 2630 2319 2682 diu
2333 2636 2414 2682 at-

214 2722 329 2771 que
361 2708 532 2758 toties
564 2705 745 2771 usque
778 2706 852 2758 ad
885 2705 1176 2758 fastidium
1207 2708 1451 2770 repetita
1483 2703 1777 2756 cantilena
1806 2703 1877 2755 de
1906 2705 2098 2767 primo
2127 2701 2330 2754 mobili
2361 2707 2416 2752 et

213 2777 509 2843 sphaericis
535 2779 851 2844 tyrocinijS,
878 2775 1329 2842 vulgaribusque
1352 2775 1732 2828 Planetarum
1756 2774 1998 2839 theorijs
2026 2773 2185 2838 (quae
2212 2775 2416 2824 omnia

214 2848 364 2901 nihil
389 2851 531 2901 novi
557 2855 613 2901 et
638 2855 814 2902 antea
839 2848 1142 2900 desiderati
1167 2849 1479 2899 inveniunt
1498 2854 1601 2899 aut
1621 2844 1992 2908 constituunt)
2020 2844 2180 2909 apud
2199 2845 2416 2908 peritos

216 2927 271 2972 et
289 2926 483 2986 gratos
504 2915 525 2988 ΙΙ
545 2920 990 2985 permanebunt.
1013 2919 1112 2971 An
1126 2922 1378 2984 ignoraS,
1400 2917 1559 2983 quod
1574 2915 2086 2969 HIPPARCHUS
2100 2914 2197 2967 ille
2212 2914 2415 2967 lauda-

214 2992 450 3044 tissimus
471 2998 526 3044 et
545 2993 967 3056 antiquissimus
986 2991 1373 3043 Astronomus
1392 3004 1706 3053 nunquam
1725 2987 1896 3040 nobis
1916 2987 2222 3051 reliquisset
2241 3001 2415 3038 cano-

215 3065 413 3115 nicam
433 3065 704 3115 omnium
724 3062 1041 3116 affixarum
1061 3061 1355 3114 stellarum
1370 3067 1492 3113 tam
1506 3059 1768 3111 sedulam
1783 3066 1837 3111 et
1852 3057 2159 3123 operosam
2173 3056 2415 3121 descrip-

215 3136 456 3194 tionem,
477 3133 583 3186 nifi
597 3150 629 3186 e
645 3134 822 3187 Nova
836 3133 1016 3187 Stella
1028 3132 1131 3185 suo
1145 3139 1408 3197 tempore
1424 3138 1643 3191 exorta,
1666 3146 1801 3195 quae
1821 3129 2028 3195 procul
2042 3129 2220 3181 dubio
2235 3128 2416 3192 paulo

122 3224 169 3258 4ο
216 3204 338 3269 post
357 3204 649 3270 disparuit,
671 3206 747 3258 ad
766 3213 888 3258 tam
907 3203 1260 3257 immensum
1280 3203 1545 3255 laborem
1566 3201 2014 3267 exuperandum
2037 3202 2310 3252 incitatus
2330 3198 2415 3250 fu-

217 3277 346 3337 isset,
368 3282 431 3328 ut
451 3277 524 3329 de
544 3276 666 3342 ipso
687 3276 998 3329 PLINIUS
1017 3275 1264 3328 testatur.
1287 3275 1356 3326 Et
1375 3274 1512 3326 sane
1533 3273 1654 3338 post
1673 3273 1842 3325 illum
1862 3271 2012 3323 nihil
2025 3270 2207 3323 fimile
2221 3286 2258 3322 a
2273 3285 2416 3334 quo-

219 3363 400 3412 quam
420 3346 751 3409 hominum,
773 3347 979 3412 elapfis
999 3349 1222 3399 circiter
1241 3345 1382 3397 2000
1401 3347 1591 3405 3111115,
1619 3341 1919 3409 peractum
1941 3342 2031 3394 611.
2059 3340 2417 3465 ῗὲῗαῗὲὃ-

359 3430 427 3465 21·
