2664 4030
117 1121 160 1156 10

117 1478 159 1513 15

112 1833 159 1869 20

113 2190 158 2225 25

370 321 674 375 TYCHO
701 321 823 374 AD
850 320 1346 374 IOHANNEM
1373 320 1796 374 MAIOREM
1823 321 1885 374 15
1912 321 2075 375 IUL.
2103 322 2249 375 1584
2340 321 2408 375 87

209 463 300 525 est,
322 467 579 517 contenti
598 462 763 517 sunt?
781 464 1052 525 Videant,
1073 479 1148 516 ne
1162 463 1235 517 fic
1250 464 1388 517 dent
1401 462 1766 516 occasionem
1779 465 1867 529 ijs,
1888 466 1992 529 qui
2004 472 2263 516 veterem
2277 463 2409 516 doc-

207 538 423 588 trinam
443 535 498 588 se
518 535 779 602 profiteri
799 538 981 597 aiunt,
1003 535 1118 602 obij
1125 535 1332 597 ciendi,
1354 535 1514 600 quod
1534 537 1720 587 nimio
1738 533 2212 588 contradictionis
2225 535 2409 588 studio

209 610 483 659 occaecati
503 607 735 672 quidvis
754 609 1115 672 impugnent,
1136 606 1251 659 five
1271 606 1330 659 id
1350 606 1599 672 speciem
1619 605 1884 671 aliquam
1898 605 2276 659 dubitationis
2289 622 2409 659 me-

162 695 178 714 r
208 685 422 738 reatur‚
443 678 557 730 live
578 693 718 739 non,
739 684 916 742 atque
936 678 1071 730 ideo
1092 693 1195 730 eos
1213 681 1277 730 in
1297 680 1523 731 caeteris
1537 673 1559 746 ΙΙ
1576 693 1815 743 quoque
1834 680 2034 730 minus
2055 678 2410 731 considerate

208 764 380 814 agere
399 748 802 814 praesumatur.
824 748 894 801 Et
912 748 1197 814 liquidem
1213 749 1285 801 de
1299 749 1414 802 11οο
1429 749 1788 803 Calendario
1802 756 2088 802 renovato
2101 765 2299 802 meam
2314 765 2409 801 ex-

206 822 392 943 lquiris
416 819 778 882 sententiam,
806 820 1001 873 dicam
1025 820 1128 873 tibi
1154 821 1229 882 id,
1257 821 1417 886 quod
1438 827 1494 873 et
1513 820 1645 887 alijs
1665 820 1875 874 eadem
1892 819 2303 874 sciscitantibus
2323 835 2409 872 re-

229 891 428 956 pondi.

280 962 706 1015 Calendarium
719 962 832 1015 hoc
846 962 1284 1029 Gregorianum
1297 966 1526 1016 noviter
1539 963 1924 1016 reformatum
1938 963 2220 1028 praevalet
2229 965 2410 1016 veteri

208 1041 263 1085 et
276 1037 439 1099 prius
452 1033 676 1095 ufitat0,
692 1040 747 1086 et
760 1031 912 1086 rec‘te
925 1032 1145 1087 factum
1160 1034 1235 1087 est
1249 1050 1286 1087 a
1298 1034 1580 1087 Pontifice
1594 1050 1776 1100 opera
1790 1035 1967 1097 LILIJ
1982 1034 2409 1094 Mathematici,

208 1111 271 1157 ut
299 1105 357 1157 10
386 1105 510 1157 dies
539 1108 603 1157 in
634 1104 750 1171 [eo]
781 1106 962 1158 omissi
990 1105 1112 1159 fint.
1141 1105 1413 1158 Totidem
1442 1109 1603 1158 enim
1632 1104 1887 1159 defec'tus
1916 1108 2061 1159 anni
2086 1105 2329 1159 coelestis
2356 1112 2411 1158 et

207 1175 637 1241 aequinoctialis
650 1176 951 1238 3111113110,
973 1180 1075 1242 qui
1094 1177 1232 1230 inde
1246 1193 1284 1230 a
1298 1177 1570 1230 Concilio
1585 1178 1816 1229 Niceno
1831 1177 2055 1238 direxit,
2077 1193 2259 1242 quam
2278 1192 2410 1242 pro-

207 1250 365 1300 xime
394 1250 652 1313 requirit.
683 1248 753 1300 Et
782 1248 901 1301 alia
927 1251 1106 1301 etiam
1131 1248 1409 1313 quaedam
1435 1263 1559 1300 non
1584 1251 2068 1300 inconvenienter
2092 1251 2156 1300 in
2181 1264 2410 1313 nupero

208 1318 569 1372 Calendario
596 1319 910 1372 emendata
934 1319 1080 1372 sunt.
1108 1319 1267 1372 Licet
1286 1334 1428 1372 vero
1454 1319 1658 1384 aliqua
1677 1322 1741 1371 in
1759 1318 1853 1371 his
1873 1319 2067 1371 adhuc
2088 1319 2411 1385 castigatius

208 1393 270 1442 111
300 1406 372 1442 00
401 1393 654 1456 proponi
682 1391 900 1456 possint‚
930 1390 971 1442 fi
1000 1390 1230 1443 coelitus
1259 1388 1490 1443 dedueti
1516 1390 1930 1443 Luminarium
1957 1396 2154 1442 motus
2182 1393 2245 1442 in
2275 1406 2410 1443 con-

207 1461 399 1514 filium
419 1462 853 1522 adhiberentur,
873 1469 1075 1514 tamen
1095 1477 1231 1514 eum
1250 1460 1365 1513 hoc
1385 1477 1509 1513 non
1522 1461 1694 1514 facile
1708 1461 1877 1514 detur
1890 1464 2130 1514 intanta
2144 1460 2410 1514 011301131-

206 1548 443 1585 marum
463 1533 938 1586 observationum
963 1535 1230 1598 penuria,
1259 1538 1314 1584 et
1339 1532 1608 1586 Ecclefiae
1629 1548 1698 1586 ac
1718 1533 1945 1585 Politiae
1965 1532 2102 1585 usus
2121 1532 2412 1585 summam

207 1606 270 1656 in
295 1603 389 1656 his
413 1604 832 1670 praecifionem‚
860 1620 1043 1669 quam
1068 1603 1170 1669 ipfi
1197 1606 1376 1656 etiam
1395 1604 1731 1657 Astronomi
1750 1606 1849 1657 vix
1872 1604 2262 1669 assequuntur,
2289 1619 2412 1656 non

208 1678 415 1741 exigat,
442 1691 551 1728 nec
572 1678 750 1728 etiam
769 1691 1128 1741 magnopere
1149 1691 1300 1741 opus
1319 1674 1551 1736 habeat,
1573 1675 2062 1741 acquiescendum
2081 1677 2285 1740 utique
2307 1678 2413 1727 erit

206 1746 346 1799 huic
366 1745 662 1799 Pontificis
683 1746 952 1808 Romani,
979 1750 1148 1800 cuius
1172 1750 1500 1799 etiamnum
1524 1750 1789 1800 maxima
1815 1746 1890 1799 est
1915 1749 1979 1799 in
2003 1749 2169 1799 terris
2195 1749 2410 1799 autori-

206 1824 312 1879 133,
339 1818 618 1871 consultae
639 1824 695 1870 et
713 1817 997 1871 laudabili
1022 1818 1340 1884 provisioni
1359 1821 1422 1870 in
1443 1818 1780 1885 Calendarij
1808 1818 1910 1871 diu
1929 1818 2252 1883 frustraque
2273 1817 2410 1871 defi-

207 1889 409 1942 derata
434 1889 869 1949 reformatione,
895 1905 1006 1942 nec
1024 1896 1244 1943 temere
1265 1890 1407 1955 quid
1426 1893 1490 1942 in
1510 1892 1871 1943 contrarium
1889 1889 2255 1942 movendum
2276 1905 2412 1941 cum

205 1961 468 2025 periculo
488 1963 649 2026 pacis
668 1961 937 2026 publicae.

278 2031 486 2085 Habes
510 2033 778 2094 breviter,
805 2032 947 2098 quid
974 2047 1081 2098 ego
1106 2032 1369 2094 sentiam,
1397 2039 1452 2085 et
1476 2032 1624 2085 forte
1650 2047 1887 2084 mecum
1905 2034 2017 2084 viri
2040 2032 2262 2084 cordati
2287 2047 2411 2084 non

206 2106 398 2168 pauci.
433 2103 593 2167 Quid
620 2119 764 2156 vero
792 2106 1049 2169 penitius
1077 2107 1141 2156 in
1169 2103 1282 2156 hac
1311 2106 1697 2156 renovatione
1726 2102 1984 2169 praestari
2011 2103 2185 2168 possit,
2219 2102 2410 2155 dicere

207 2190 332 2227 non
358 2175 570 2236 audeo,
597 2183 920 2240 antequam
946 2175 1018 2227 de
1046 2173 1250 2228 exacto
1275 2182 1444 2227 motu
1468 2177 1527 2236 Θ
1553 2181 1608 2227 et
1632 2177 1672 2237 (ζ
1698 2177 1870 2227 novis
1894 2174 2010 2226 illis
2037 2181 2092 2227 et
2117 2176 2409 2234 maximiS,

208 2261 344 2311 quae
374 2246 619 2308 adorno,
650 2249 885 2312 organis
915 2248 1127 2298 certius
1156 2246 1297 2311 quid
1327 2253 1600 2311 expertus
1627 2245 1812 2298 fuero,
1844 2246 2004 2298 Nam
2031 2245 2184 2298 coelo
2209 2248 2410 2298 incon-

206 2316 354 2369 sulto
375 2317 447 2369 de
466 2320 554 2383 ijs,
582 2333 718 2382 quae
744 2317 882 2369 inde
902 2316 1221 2383 profluunt,
1249 2317 1554 2370 censuram
1578 2317 1839 2382 proferre
1859 2316 2011 2370 velle
2030 2320 2411 2370 temerarium

209 2394 265 2440 et
289 2388 569 2441 insulsum
595 2389 698 2440 esse
724 2388 937 2441 iudico.
965 2388 1173 2441 Laudo
1199 2391 1398 2454 itaque
1418 2388 1672 2453 Ampliss.
1693 2388 1893 2441 vestrae
1914 2388 2156 2453 Reipub.
2178 2387 2410 2440 decifio-

209 2475 348 2512 nem
374 2459 715 2520 consultam,
743 2459 904 2525 quod
924 2458 1351 2512 Calendarium
1372 2459 1487 2512 hoc
1509 2459 1947 2525 Gregorianum
1972 2462 2133 2525 pacis
2158 2459 2410 2525 publicae

209 2530 383 2583 causa
409 2537 465 2583 et
491 2531 565 2583 ob
591 2533 923 2583 vicinarum
948 2533 1258 2597 regionum
1284 2531 1765 2583 consuetudinem
1791 2538 1967 2597 atque
1995 2546 2130 2583 cum
2157 2533 2227 2596 ijs
2254 2546 2409 2583 com-

175 2667 178 2670 ⁴
207 2605 428 2654 mercia
446 2601 766 2667 susceperit,
787 2609 916 2655 utut
935 2602 1336 2655 reclamitante
1353 2605 1575 2655 incerto
1588 2602 1783 2668 vulg0‚
1804 2603 1964 2667 quod
1983 2602 2207 2667 semper
2226 2602 2411 2654 studia

207 2676 271 2725 in
297 2676 592 2726 contraria
616 2673 906 2726 scinditur.
933 2674 1131 2738 Atque
1157 2673 1229 2726 de
1255 2673 1348 2725 his
1374 2674 1488 2726 hoc
1507 2680 1770 2758 tempore
1790 2673 1939 2734 satiS,
1967 2674 2038 2726 de
2057 2676 2173 2725 tuis
2192 2689 2297 2738 per
2316 2688 2409 2725 oc-

208 2744 518 2806 canonem,
545 2744 586 2797 fi
611 2760 704 2797 res
729 2747 812 2797 ita
836 2744 1150 2810 postularit,
1178 2745 1325 2797 alias
1351 2745 1557 2810 plura
1542 2761 1605 2797 1n
1624 2746 1888 2798 medium
1910 2744 2222 2810 proferam.
2243 2743 2409 2796 Vale.

138 2815 522 2901 ⁵Dabantur
542 2831 615 2868 ex
635 2816 763 2868 aede
783 2815 975 2868 nostra
994 2815 1472 2881 Knudstrupiana
1491 2817 1564 2869 15.
1587 2816 1681 2868 die
1702 2816 1831 2882 Iulij
1854 2815 1995 2882 stylo
2014 2818 2212 2876 veteri,
2239 2815 2410 2867 nobis

138 2867 404 2940 ⁵adhuc
423 2887 647 2948 ufitat0‚
668 2888 850 2939 Anno
871 2887 1014 2940 1584.
1916 2923 1982 2975 T

1639 2993 1879 3047 TYCHO
1908 3004 1996 3046 DE
2021 2994 2266 3046 BRAHE.

2300 3454 2409 3519 [Ex
2496 3523 2499 3526 ⁴
