<?xml version="1.0" encoding="UTF-8"?>
<!DOCTYPE html PUBLIC "-//W3C//DTD XHTML 1.0 Transitional//EN"
    "http://www.w3.org/TR/xhtml1/DTD/xhtml1-transitional.dtd">
<html xmlns="http://www.w3.org/1999/xhtml" xml:lang="en" lang="en">
 <head>
  <title>
</title>
<meta http-equiv="Content-Type" content="text/html;charset=utf-8" />
  <meta name='ocr-system' content='tesseract 3.04.00' />
  <meta name='ocr-capabilities' content='ocr_page ocr_carea ocr_par ocr_line ocrx_word'/>
</head>
<body>
  <div class='ocr_page' id='page_1' title='image "./operaomniaedidit07brahuoft_0116.png"; bbox 0 0 2664 4030; ppageno 0'>
   <div class='ocr_carea' id='block_1_1' title="bbox 267 296 1931 353">
    <p class='ocr_par' dir='ltr' id='par_1_1' title="bbox 267 296 1931 353">
     <span class='ocr_line' id='line_1_1' title="bbox 267 296 1931 353; baseline -0.001 -1"><span class='ocrx_word' id='word_1_1' title='bbox 267 301 359 353; x_wconf 91' lang='grc'>102</span> <span class='ocrx_word' id='word_1_2' title='bbox 797 297 1234 351; x_wconf 92' lang='lat' dir='ltr'>EPISTOLAE</span> <span class='ocrx_word' id='word_1_3' title='bbox 1259 296 1931 351; x_wconf 85' lang='lat' dir='ltr'><strong>ASTRONOMICAE</strong></span> 
     </span>
    </p>
   </div>
   <div class='ocr_carea' id='block_1_2' title="bbox 264 438 2561 2287">
    <p class='ocr_par' dir='ltr' id='par_1_2' title="bbox 264 438 2561 2287">
     <span class='ocr_line' id='line_1_2' title="bbox 267 438 2460 505; baseline 0.001 -12"><span class='ocrx_word' id='word_1_4' title='bbox 267 442 357 503; x_wconf 82' lang='lat' dir='ltr'>est,</span> <span class='ocrx_word' id='word_1_5' title='bbox 384 443 446 492; x_wconf 91' lang='lat' dir='ltr'>in</span> <span class='ocrx_word' id='word_1_6' title='bbox 471 440 593 505; x_wconf 88' lang='lat' dir='ltr'>ipso</span> <span class='ocrx_word' id='word_1_7' title='bbox 619 442 825 492; x_wconf 91' lang='lat' dir='ltr'>itinere</span> <span class='ocrx_word' id='word_1_8' title='bbox 850 440 1046 493; x_wconf 91' lang='lat' dir='ltr'>versus</span> <span class='ocrx_word' id='word_1_9' title='bbox 1073 438 1524 492; x_wconf 87' lang='lat' dir='ltr'>Francofurtum</span> <span class='ocrx_word' id='word_1_10' title='bbox 1549 439 1830 502; x_wconf 87' lang='lat' dir='ltr'>constitui,</span> <span class='ocrx_word' id='word_1_11' title='bbox 1859 442 1966 493; x_wconf 93' lang='lat' dir='ltr'>uni</span> <span class='ocrx_word' id='word_1_12' title='bbox 1992 456 2065 494; x_wconf 87' lang='lat' dir='ltr'>ex</span> <span class='ocrx_word' id='word_1_13' title='bbox 2089 444 2237 495; x_wconf 90' lang='lat' dir='ltr'>meis</span> <span class='ocrx_word' id='word_1_14' title='bbox 2263 442 2460 496; x_wconf 92' lang='lat' dir='ltr'>dome-</span> 
     </span>
     <span class='ocr_line' id='line_1_3' title="bbox 265 508 2460 576; baseline 0.001 -13"><span class='ocrx_word' id='word_1_15' title='bbox 265 513 426 572; x_wconf 83' lang='lat' dir='ltr'>sticiS‚</span> <span class='ocrx_word' id='word_1_16' title='bbox 458 513 559 576; x_wconf 93' lang='lat' dir='ltr'>qui</span> <span class='ocrx_word' id='word_1_17' title='bbox 588 511 664 563; x_wconf 93' lang='lat' dir='ltr'>ad</span> <span class='ocrx_word' id='word_1_18' title='bbox 693 511 992 564; x_wconf 88' lang='lat' dir='ltr'>nundinas</span> <span class='ocrx_word' id='word_1_19' title='bbox 1017 510 1147 563; x_wconf 93' lang='lat' dir='ltr'>illas</span> <span class='ocrx_word' id='word_1_20' title='bbox 1173 525 1309 562; x_wconf 94' lang='lat' dir='ltr'>meo</span> <span class='ocrx_word' id='word_1_21' title='bbox 1335 512 1580 563; x_wconf 90' lang='lat' dir='ltr'>nomine</span> <span class='ocrx_word' id='word_1_22' title='bbox 1605 508 1970 575; x_wconf 59' lang='lat' dir='ltr'>profecturus</span> <span class='ocrx_word' id='word_1_23' title='bbox 1997 518 2136 574; x_wconf 90' lang='lat' dir='ltr'>erat,</span> <span class='ocrx_word' id='word_1_24' title='bbox 2169 528 2240 566; x_wconf 91' lang='lat' dir='ltr'>ea</span> <span class='ocrx_word' id='word_1_25' title='bbox 2266 516 2460 576; x_wconf 88' lang='lat' dir='ltr'>etiam,</span> 
     </span>
     <span class='ocr_line' id='line_1_4' title="bbox 266 581 2459 648; baseline 0.002 -14"><span class='ocrx_word' id='word_1_26' title='bbox 266 598 400 647; x_wconf 85' lang='lat' dir='ltr'>quae</span> <span class='ocrx_word' id='word_1_27' title='bbox 416 582 490 634; x_wconf 99' lang='lat' dir='ltr'><strong>D.</strong></span> <span class='ocrx_word' id='word_1_28' title='bbox 506 582 877 648; x_wconf 89' lang='lat' dir='ltr'>Landgravio</span> <span class='ocrx_word' id='word_1_29' title='bbox 893 588 1059 634; x_wconf 92' lang='lat' dir='ltr'>erant</span> <span class='ocrx_word' id='word_1_30' title='bbox 1071 581 1435 646; x_wconf 90' lang='lat' dir='ltr'>perferenda,</span> <span class='ocrx_word' id='word_1_31' title='bbox 1451 581 1711 634; x_wconf 89' lang='lat' dir='ltr'>commifi</span> <span class='ocrx_word' id='word_1_32' title='bbox 1719 597 1732 644; x_wconf 93' lang='lat'>;</span> <span class='ocrx_word' id='word_1_33' title='bbox 1753 598 1962 635; x_wconf 88' lang='lat' dir='ltr'>verum</span> <span class='ocrx_word' id='word_1_34' title='bbox 1976 589 2040 636; x_wconf 93' lang='lat' dir='ltr'>ut</span> <span class='ocrx_word' id='word_1_35' title='bbox 2052 589 2117 636; x_wconf 90' lang='lat' dir='ltr'>tu</span> <span class='ocrx_word' id='word_1_36' title='bbox 2130 586 2308 637; x_wconf 88' lang='lat' dir='ltr'>etiam</span> <span class='ocrx_word' id='word_1_37' title='bbox 2325 600 2459 638; x_wconf 90' lang='lat' dir='ltr'>con-</span> 
     </span>
     <span class='ocr_line' id='line_1_5' title="bbox 265 652 2462 717; baseline 0.001 -12"><span class='ocrx_word' id='word_1_38' title='bbox 265 654 413 706; x_wconf 91' lang='lat' dir='ltr'>scius</span> <span class='ocrx_word' id='word_1_39' title='bbox 432 653 693 705; x_wconf 91' lang='lat' dir='ltr'>reddaris</span> <span class='ocrx_word' id='word_1_40' title='bbox 714 668 937 714; x_wconf 93' lang='lat' dir='ltr'>eorum,</span> <span class='ocrx_word' id='word_1_41' title='bbox 960 668 1094 717; x_wconf 85' lang='lat' dir='ltr'>quae</span> <span class='ocrx_word' id='word_1_42' title='bbox 1112 652 1366 717; x_wconf 90' lang='lat' dir='ltr'>Principi</span> <span class='ocrx_word' id='word_1_43' title='bbox 1383 652 1470 704; x_wconf 93' lang='lat' dir='ltr'>illi</span> <span class='ocrx_word' id='word_1_44' title='bbox 1483 668 1519 705; x_wconf 90' lang='lat' dir='ltr'>a</span> <span class='ocrx_word' id='word_1_45' title='bbox 1533 668 1629 705; x_wconf 92' lang='lat' dir='ltr'>me</span> <span class='ocrx_word' id='word_1_46' title='bbox 1644 657 2080 707; x_wconf 90' lang='lat' dir='ltr'>communicata</span> <span class='ocrx_word' id='word_1_47' title='bbox 2092 654 2237 717; x_wconf 88' lang='lat' dir='ltr'>sunt,</span> <span class='ocrx_word' id='word_1_48' title='bbox 2259 659 2462 708; x_wconf 86' lang='lat' dir='ltr'>curavi</span> 
     </span>
     <span class='ocr_line' id='line_1_6' title="bbox 264 723 2532 791; baseline 0.002 -14"><span class='ocrx_word' id='word_1_49' title='bbox 264 732 390 777; x_wconf 95' lang='lat' dir='ltr'>tum</span> <span class='ocrx_word' id='word_1_50' title='bbox 405 724 720 789; x_wconf 89' lang='lat' dir='ltr'>epistolam,</span> <span class='ocrx_word' id='word_1_51' title='bbox 735 730 861 776; x_wconf 93' lang='lat' dir='ltr'>tum</span> <span class='ocrx_word' id='word_1_52' title='bbox 875 727 1052 776; x_wconf 92' lang='lat' dir='ltr'>etiam</span> <span class='ocrx_word' id='word_1_53' title='bbox 1064 739 1150 784; x_wconf 91' lang='lat' dir='ltr'>ea,</span> <span class='ocrx_word' id='word_1_54' title='bbox 1167 739 1303 788; x_wconf 85' lang='lat' dir='ltr'>quae</span> <span class='ocrx_word' id='word_1_55' title='bbox 1315 723 1387 776; x_wconf 91' lang='lat' dir='ltr'>de</span> <span class='ocrx_word' id='word_1_56' title='bbox 1400 723 1652 776; x_wconf 92' lang='lat' dir='ltr'>Cometa</span> <span class='ocrx_word' id='word_1_57' title='bbox 1664 724 1768 776; x_wconf 94' lang='lat' dir='ltr'>illo</span> <span class='ocrx_word' id='word_1_58' title='bbox 1783 725 2247 791; x_wconf 85' lang='lat' dir='ltr'>conscripseram,</span> <span class='ocrx_word' id='word_1_59' title='bbox 2264 726 2461 780; x_wconf 93' lang='lat' dir='ltr'>denuo</span> <span class='ocrx_word' id='word_1_60' title='bbox 2511 746 2532 781; x_wconf 87' lang='lat'>⁵</span> 
     </span>
     <span class='ocr_line' id='line_1_7' title="bbox 266 794 2461 863; baseline 0.001 -15"><span class='ocrx_word' id='word_1_61' title='bbox 266 798 497 848; x_wconf 88' lang='lat' dir='ltr'>exarari</span> <span class='ocrx_word' id='word_1_62' title='bbox 517 810 842 860; x_wconf 91' lang='lat' dir='ltr'>eorumque</span> <span class='ocrx_word' id='word_1_63' title='bbox 862 794 1222 860; x_wconf 88' lang='lat' dir='ltr'>fingulorum</span> <span class='ocrx_word' id='word_1_64' title='bbox 1244 794 1545 859; x_wconf 86' lang='lat' dir='ltr'>exemplar</span> <span class='ocrx_word' id='word_1_65' title='bbox 1560 795 1662 848; x_wconf 91' lang='lat' dir='ltr'>tibi</span> <span class='ocrx_word' id='word_1_66' title='bbox 1675 795 2103 861; x_wconf 91' lang='lat' dir='ltr'>inspiciendum</span> <span class='ocrx_word' id='word_1_67' title='bbox 2117 797 2461 863; x_wconf 87' lang='lat' dir='ltr'>cognoscen-</span> 
     </span>
     <span class='ocr_line' id='line_1_8' title="bbox 266 865 2462 934; baseline 0.001 -15"><span class='ocrx_word' id='word_1_68' title='bbox 266 867 525 931; x_wconf 90' lang='lat' dir='ltr'>dumque</span> <span class='ocrx_word' id='word_1_69' title='bbox 546 868 729 918; x_wconf 82' lang='lat' dir='ltr'>mitto,</span> <span class='ocrx_word' id='word_1_70' title='bbox 757 866 975 918; x_wconf 90' lang='lat' dir='ltr'>Addidi</span> <span class='ocrx_word' id='word_1_71' title='bbox 997 868 1174 918; x_wconf 89' lang='lat' dir='ltr'>etiam</span> <span class='ocrx_word' id='word_1_72' title='bbox 1194 865 1471 919; x_wconf 92' lang='lat' dir='ltr'>Diarium</span> <span class='ocrx_word' id='word_1_73' title='bbox 1491 867 1793 931; x_wconf 86' lang='lat' dir='ltr'>quoddam</span> <span class='ocrx_word' id='word_1_74' title='bbox 1811 867 2237 934; x_wconf 82' lang='lat' dir='ltr'>Astrologicum</span> <span class='ocrx_word' id='word_1_75' title='bbox 2258 875 2313 921; x_wconf 95' lang='lat' dir='ltr'>et</span> <span class='ocrx_word' id='word_1_76' title='bbox 2332 869 2462 922; x_wconf 91' lang='lat' dir='ltr'>Me-</span> 
     </span>
     <span class='ocr_line' id='line_1_9' title="bbox 264 936 2464 1003; baseline 0.001 -13"><span class='ocrx_word' id='word_1_77' title='bbox 264 937 730 1003; x_wconf 87' lang='lat' dir='ltr'>theorologicum</span> <span class='ocrx_word' id='word_1_78' title='bbox 749 936 929 989; x_wconf 93' lang='lat' dir='ltr'>huius</span> <span class='ocrx_word' id='word_1_79' title='bbox 949 939 1109 998; x_wconf 91' lang='lat' dir='ltr'>anni,</span> <span class='ocrx_word' id='word_1_80' title='bbox 1131 952 1168 990; x_wconf 91' lang='lat' dir='ltr'>a</span> <span class='ocrx_word' id='word_1_81' title='bbox 1188 937 1450 1002; x_wconf 91' lang='lat' dir='ltr'>quodam</span> <span class='ocrx_word' id='word_1_82' title='bbox 1468 953 1605 990; x_wconf 94' lang='lat' dir='ltr'>meo</span> <span class='ocrx_word' id='word_1_83' title='bbox 1621 938 2005 991; x_wconf 85' lang='lat' dir='ltr'>studiosorum</span> <span class='ocrx_word' id='word_1_84' title='bbox 2022 939 2391 993; x_wconf 93' lang='lat' dir='ltr'>elaboratum</span> <span class='ocrx_word' id='word_1_85' title='bbox 2408 946 2464 993; x_wconf 89' lang='lat' dir='ltr'>et</span> 
     </span>
     <span class='ocr_line' id='line_1_10' title="bbox 264 1004 2558 1077; baseline 0.002 -16"><span class='ocrx_word' id='word_1_86' title='bbox 264 1009 360 1061; x_wconf 86' lang='lat' dir='ltr'>sex</span> <span class='ocrx_word' id='word_1_87' title='bbox 380 1008 499 1061; x_wconf 89' lang='lat' dir='ltr'>alia</span> <span class='ocrx_word' id='word_1_88' title='bbox 519 1008 895 1073; x_wconf 84' lang='lat' dir='ltr'>exemplaria.</span> <span class='ocrx_word' id='word_1_89' title='bbox 925 1004 946 1077; x_wconf 82' lang='grc' dir='ltr'>ΙΙ</span> <span class='ocrx_word' id='word_1_90' title='bbox 973 1009 1255 1061; x_wconf 86' lang='grc' dir='ltr'>Μο11111111</span> <span class='ocrx_word' id='word_1_91' title='bbox 1276 1049 1288 1061; x_wconf 93' lang='grc'><strong>.</strong></span> <span class='ocrx_word' id='word_1_92' title='bbox 1312 1049 1323 1061; x_wconf 93' lang='grc'><strong>.</strong></span> <span class='ocrx_word' id='word_1_93' title='bbox 1347 1050 1358 1061; x_wconf 96' lang='grc'><strong>.</strong></span> <span class='ocrx_word' id='word_1_94' title='bbox 1383 1050 1394 1061; x_wconf 95' lang='grc'><strong>.</strong></span> <span class='ocrx_word' id='word_1_95' title='bbox 1417 1009 1568 1062; x_wconf 92' lang='lat' dir='ltr'>Solis</span> <span class='ocrx_word' id='word_1_96' title='bbox 1589 1024 1626 1061; x_wconf 91' lang='lat' dir='ltr'>a</span> <span class='ocrx_word' id='word_1_97' title='bbox 1644 1010 1816 1062; x_wconf 91' lang='lat' dir='ltr'>nobis</span> <span class='ocrx_word' id='word_1_98' title='bbox 1842 1010 2179 1072; x_wconf 82' lang='lat' dir='ltr'>restitutum,</span> <span class='ocrx_word' id='word_1_99' title='bbox 2207 1014 2374 1064; x_wconf 94' lang='lat' dir='ltr'>cuius</span> <span class='ocrx_word' id='word_1_100' title='bbox 2400 1014 2463 1065; x_wconf 91' lang='lat' dir='ltr'>in</span> <span class='ocrx_word' id='word_1_101' title='bbox 2505 1022 2558 1066; x_wconf 75' lang='lat' dir='ltr'>4r</span> 
     </span>
     <span class='ocr_line' id='line_1_11' title="bbox 264 1079 2559 1146; baseline 0.001 -13"><span class='ocrx_word' id='word_1_102' title='bbox 264 1081 466 1133; x_wconf 91' lang='lat' dir='ltr'>litteris</span> <span class='ocrx_word' id='word_1_103' title='bbox 486 1079 562 1132; x_wconf 93' lang='lat' dir='ltr'>ad</span> <span class='ocrx_word' id='word_1_104' title='bbox 582 1079 656 1132; x_wconf 90' lang='lat' dir='ltr'>D.</span> <span class='ocrx_word' id='word_1_105' title='bbox 679 1080 1117 1146; x_wconf 88' lang='lat' dir='ltr'>Landgravium</span> <span class='ocrx_word' id='word_1_106' title='bbox 1140 1079 1289 1132; x_wconf 89' lang='lat' dir='ltr'>datis</span> <span class='ocrx_word' id='word_1_107' title='bbox 1312 1079 1376 1133; x_wconf 91' lang='lat' dir='ltr'>fit</span> <span class='ocrx_word' id='word_1_108' title='bbox 1398 1083 1638 1142; x_wconf 82' lang='lat' dir='ltr'>mentiO,</span> <span class='ocrx_word' id='word_1_109' title='bbox 1665 1080 1948 1146; x_wconf 88' lang='lat' dir='ltr'>liquidem</span> <span class='ocrx_word' id='word_1_110' title='bbox 1967 1084 2016 1134; x_wconf 92' lang='lat' dir='ltr'>is</span> <span class='ocrx_word' id='word_1_111' title='bbox 2036 1084 2099 1135; x_wconf 92' lang='lat' dir='ltr'>in</span> <span class='ocrx_word' id='word_1_112' title='bbox 2118 1082 2232 1135; x_wconf 92' lang='lat' dir='ltr'>hoc</span> <span class='ocrx_word' id='word_1_113' title='bbox 2252 1083 2462 1136; x_wconf 92' lang='lat' dir='ltr'>Diario</span> <span class='ocrx_word' id='word_1_114' title='bbox 2515 1102 2559 1137; x_wconf 85' lang='grc' dir='ltr'>ιο</span> 
     </span>
     <span class='ocr_line' id='line_1_12' title="bbox 266 1151 2261 1217; baseline 0.002 -14"><span class='ocrx_word' id='word_1_115' title='bbox 266 1154 610 1212; x_wconf 87' lang='lat' dir='ltr'>continetur,</span> <span class='ocrx_word' id='word_1_116' title='bbox 631 1167 756 1203; x_wconf 94' lang='lat' dir='ltr'>non</span> <span class='ocrx_word' id='word_1_117' title='bbox 778 1192 789 1204; x_wconf 95' lang='lat'><strong>.</strong></span> <span class='ocrx_word' id='word_1_118' title='bbox 813 1192 824 1204; x_wconf 94' lang='lat'><strong>.</strong></span> <span class='ocrx_word' id='word_1_119' title='bbox 849 1192 860 1204; x_wconf 92' lang='lat'><strong>.</strong></span> <span class='ocrx_word' id='word_1_120' title='bbox 883 1151 1168 1204; x_wconf 90' lang='lat' dir='ltr'>iudicium</span> <span class='ocrx_word' id='word_1_121' title='bbox 1187 1166 1338 1216; x_wconf 92' lang='lat' dir='ltr'>opus</span> <span class='ocrx_word' id='word_1_122' title='bbox 1358 1152 1462 1204; x_wconf 89' lang='lat' dir='ltr'>esse</span> <span class='ocrx_word' id='word_1_123' title='bbox 1481 1151 1765 1217; x_wconf 85' lang='lat' dir='ltr'>peculiari</span> <span class='ocrx_word' id='word_1_124' title='bbox 1785 1159 1944 1205; x_wconf 90' lang='lat' dir='ltr'>carta</span> <span class='ocrx_word' id='word_1_125' title='bbox 1963 1153 2261 1206; x_wconf 90' lang='lat' dir='ltr'>denotare.</span> 
     </span>
     <span class='ocr_line' id='line_1_13' title="bbox 337 1222 2465 1289; baseline 0.001 -14"><span class='ocrx_word' id='word_1_126' title='bbox 337 1222 645 1286; x_wconf 91' lang='lat' dir='ltr'>Quantum</span> <span class='ocrx_word' id='word_1_127' title='bbox 657 1238 800 1275; x_wconf 89' lang='lat' dir='ltr'>vero</span> <span class='ocrx_word' id='word_1_128' title='bbox 815 1223 891 1276; x_wconf 93' lang='lat' dir='ltr'>ad</span> <span class='ocrx_word' id='word_1_129' title='bbox 903 1222 1247 1288; x_wconf 86' lang='lat' dir='ltr'>posteriores</span> <span class='ocrx_word' id='word_1_130' title='bbox 1259 1229 1392 1275; x_wconf 91' lang='lat' dir='ltr'>tuas</span> <span class='ocrx_word' id='word_1_131' title='bbox 1406 1223 1625 1276; x_wconf 87' lang='lat' dir='ltr'>litteras</span> <span class='ocrx_word' id='word_1_132' title='bbox 1639 1225 1859 1284; x_wconf 88' lang='lat' dir='ltr'>attinet,</span> <span class='ocrx_word' id='word_1_133' title='bbox 1881 1240 2030 1289; x_wconf 92' lang='lat' dir='ltr'>quas</span> <span class='ocrx_word' id='word_1_134' title='bbox 2050 1231 2187 1277; x_wconf 91' lang='lat' dir='ltr'>ante</span> <span class='ocrx_word' id='word_1_135' title='bbox 2203 1225 2465 1278; x_wconf 91' lang='lat' dir='ltr'>triduum</span> 
     </span>
     <span class='ocr_line' id='line_1_14' title="bbox 266 1294 2464 1362; baseline 0.001 -16"><span class='ocrx_word' id='word_1_136' title='bbox 266 1297 479 1360; x_wconf 90' lang='lat' dir='ltr'>accepi,</span> <span class='ocrx_word' id='word_1_137' title='bbox 506 1296 631 1346; x_wconf 79' lang='lat' dir='ltr'>una</span> <span class='ocrx_word' id='word_1_138' title='bbox 656 1309 792 1347; x_wconf 93' lang='lat' dir='ltr'>cum</span> <span class='ocrx_word' id='word_1_139' title='bbox 812 1294 886 1346; x_wconf 96' lang='lat' dir='ltr'><strong>D.</strong></span> <span class='ocrx_word' id='word_1_140' title='bbox 909 1294 1139 1347; x_wconf 90' lang='lat' dir='ltr'>Decani</span> <span class='ocrx_word' id='word_1_141' title='bbox 1160 1294 1529 1347; x_wconf 87' lang='lat' dir='ltr'>Colonienfis</span> <span class='ocrx_word' id='word_1_142' title='bbox 1554 1294 1757 1347; x_wconf 89' lang='lat' dir='ltr'>litteris</span> <span class='ocrx_word' id='word_1_143' title='bbox 1778 1301 1833 1347; x_wconf 87' lang='lat' dir='ltr'>et</span> <span class='ocrx_word' id='word_1_144' title='bbox 1853 1294 2201 1361; x_wconf 90' lang='lat' dir='ltr'>quibusdam</span> <span class='ocrx_word' id='word_1_145' title='bbox 2226 1294 2464 1362; x_wconf 64' lang='lat' dir='ltr'>pieturis</span> 
     </span>
     <span class='ocr_line' id='line_1_15' title="bbox 265 1365 2463 1433; baseline 0.001 -15"><span class='ocrx_word' id='word_1_146' title='bbox 265 1366 503 1418; x_wconf 94' lang='lat' dir='ltr'>urbium</span> <span class='ocrx_word' id='word_1_147' title='bbox 517 1372 571 1418; x_wconf 91' lang='lat' dir='ltr'>et</span> <span class='ocrx_word' id='word_1_148' title='bbox 585 1365 840 1418; x_wconf 92' lang='lat' dir='ltr'>aliarum</span> <span class='ocrx_word' id='word_1_149' title='bbox 853 1381 1052 1418; x_wconf 91' lang='lat' dir='ltr'>rerum</span> <span class='ocrx_word' id='word_1_150' title='bbox 1065 1381 1169 1430; x_wconf 93' lang='lat' dir='ltr'>per</span> <span class='ocrx_word' id='word_1_151' title='bbox 1183 1368 1348 1430; x_wconf 88' lang='lat' dir='ltr'>cupri</span> <span class='ocrx_word' id='word_1_152' title='bbox 1361 1366 1705 1420; x_wconf 74' lang='lat' dir='ltr'>caelaturam</span> <span class='ocrx_word' id='word_1_153' title='bbox 1719 1367 2000 1432; x_wconf 84' lang='lat' dir='ltr'>expreBiS‚</span> <span class='ocrx_word' id='word_1_154' title='bbox 2013 1382 2289 1432; x_wconf 90' lang='lat' dir='ltr'>cuperem</span> <span class='ocrx_word' id='word_1_155' title='bbox 2304 1371 2463 1433; x_wconf 89' lang='lat' dir='ltr'>equi-</span> 
     </span>
     <span class='ocr_line' id='line_1_16' title="bbox 266 1436 2559 1504; baseline 0.002 -15"><span class='ocrx_word' id='word_1_156' title='bbox 266 1437 401 1489; x_wconf 91' lang='lat' dir='ltr'>dem</span> <span class='ocrx_word' id='word_1_157' title='bbox 414 1436 590 1502; x_wconf 91' lang='lat' dir='ltr'>ipfius</span> <span class='ocrx_word' id='word_1_158' title='bbox 604 1437 677 1490; x_wconf 89' lang='lat' dir='ltr'>D.</span> <span class='ocrx_word' id='word_1_159' title='bbox 694 1437 923 1490; x_wconf 91' lang='lat' dir='ltr'>Decani</span> <span class='ocrx_word' id='word_1_160' title='bbox 937 1440 1088 1489; x_wconf 89' lang='lat' dir='ltr'>votis</span> <span class='ocrx_word' id='word_1_161' title='bbox 1108 1439 1171 1490; x_wconf 94' lang='lat' dir='ltr'>in</span> <span class='ocrx_word' id='word_1_162' title='bbox 1189 1438 1486 1490; x_wconf 91' lang='lat' dir='ltr'>mittendis</span> <span class='ocrx_word' id='word_1_163' title='bbox 1507 1437 1767 1503; x_wconf 93' lang='lat' dir='ltr'>plurium</span> <span class='ocrx_word' id='word_1_164' title='bbox 1788 1438 2041 1500; x_wconf 91' lang='lat' dir='ltr'>urbium,</span> <span class='ocrx_word' id='word_1_165' title='bbox 2063 1454 2212 1503; x_wconf 92' lang='lat' dir='ltr'>quas</span> <span class='ocrx_word' id='word_1_166' title='bbox 2233 1442 2463 1504; x_wconf 87' lang='lat' dir='ltr'>expetit,</span> <span class='ocrx_word' id='word_1_167' title='bbox 2517 1458 2559 1494; x_wconf 83' lang='lat'>15</span> 
     </span>
     <span class='ocr_line' id='line_1_17' title="bbox 266 1506 2464 1576; baseline 0.001 -15"><span class='ocrx_word' id='word_1_168' title='bbox 266 1508 774 1570; x_wconf 83' lang='lat' dir='ltr'>delineationibuS,</span> <span class='ocrx_word' id='word_1_169' title='bbox 805 1506 1043 1562; x_wconf 67' lang='lat' dir='ltr'>adiediis</span> <span class='ocrx_word' id='word_1_170' title='bbox 1070 1511 1247 1560; x_wconf 92' lang='lat' dir='ltr'>etiam</span> <span class='ocrx_word' id='word_1_171' title='bbox 1273 1524 1472 1561; x_wconf 92' lang='lat' dir='ltr'>rerum</span> <span class='ocrx_word' id='word_1_172' title='bbox 1498 1508 1615 1562; x_wconf 90' lang='lat' dir='ltr'>illic</span> <span class='ocrx_word' id='word_1_173' title='bbox 1640 1508 1927 1576; x_wconf 84' lang='lat' dir='ltr'>gestarum</span> <span class='ocrx_word' id='word_1_174' title='bbox 1952 1509 2285 1571; x_wconf 83' lang='lat' dir='ltr'>annalibuS,</span> <span class='ocrx_word' id='word_1_175' title='bbox 2314 1509 2464 1563; x_wconf 82' lang='lat' dir='ltr'>satis-</span> 
     </span>
     <span class='ocr_line' id='line_1_18' title="bbox 265 1579 2465 1646; baseline 0.001 -14"><span class='ocrx_word' id='word_1_176' title='bbox 265 1580 474 1641; x_wconf 85' lang='lat' dir='ltr'>facere,</span> <span class='ocrx_word' id='word_1_177' title='bbox 506 1579 602 1632; x_wconf 88' lang='lat' dir='ltr'>sed</span> <span class='ocrx_word' id='word_1_178' title='bbox 633 1582 936 1632; x_wconf 93' lang='lat' dir='ltr'>neminem</span> <span class='ocrx_word' id='word_1_179' title='bbox 963 1579 1060 1632; x_wconf 80' lang='lat' dir='ltr'>hic</span> <span class='ocrx_word' id='word_1_180' title='bbox 1091 1579 1310 1632; x_wconf 93' lang='lat' dir='ltr'>habere</span> <span class='ocrx_word' id='word_1_181' title='bbox 1339 1581 1576 1645; x_wconf 86' lang='lat' dir='ltr'>possum,</span> <span class='ocrx_word' id='word_1_182' title='bbox 1610 1583 1713 1645; x_wconf 92' lang='lat' dir='ltr'>qui</span> <span class='ocrx_word' id='word_1_183' title='bbox 1742 1595 1842 1633; x_wconf 91' lang='lat' dir='ltr'>eas</span> <span class='ocrx_word' id='word_1_184' title='bbox 1871 1583 2137 1646; x_wconf 92' lang='lat' dir='ltr'>apprime</span> <span class='ocrx_word' id='word_1_185' title='bbox 2168 1581 2465 1635; x_wconf 89' lang='lat' dir='ltr'>delineare</span> 
     </span>
     <span class='ocr_line' id='line_1_19' title="bbox 266 1650 2464 1718; baseline 0.001 -15"><span class='ocrx_word' id='word_1_186' title='bbox 266 1653 445 1703; x_wconf 87' lang='lat' dir='ltr'>novit.</span> <span class='ocrx_word' id='word_1_187' title='bbox 474 1651 601 1703; x_wconf 91' lang='lat' dir='ltr'>Nec</span> <span class='ocrx_word' id='word_1_188' title='bbox 626 1650 775 1703; x_wconf 91' lang='lat' dir='ltr'>mihi</span> <span class='ocrx_word' id='word_1_189' title='bbox 801 1654 954 1704; x_wconf 91' lang='lat' dir='ltr'>circa</span> <span class='ocrx_word' id='word_1_190' title='bbox 978 1666 1178 1704; x_wconf 91' lang='lat' dir='ltr'>rerum</span> <span class='ocrx_word' id='word_1_191' title='bbox 1203 1651 1745 1704; x_wconf 84' lang='lat' dir='ltr'>Astronomicarum</span> <span class='ocrx_word' id='word_1_192' title='bbox 1771 1654 2122 1717; x_wconf 91' lang='lat' dir='ltr'>penitiorem</span> <span class='ocrx_word' id='word_1_193' title='bbox 2148 1652 2464 1718; x_wconf 83' lang='lat' dir='ltr'>inquisitio-</span> 
     </span>
     <span class='ocr_line' id='line_1_20' title="bbox 265 1723 2463 1790; baseline 0.001 -16"><span class='ocrx_word' id='word_1_194' title='bbox 265 1737 405 1775; x_wconf 92' lang='lat' dir='ltr'>nem</span> <span class='ocrx_word' id='word_1_195' title='bbox 424 1725 687 1788; x_wconf 87' lang='lat' dir='ltr'>gnaviter</span> <span class='ocrx_word' id='word_1_196' title='bbox 707 1728 992 1788; x_wconf 90' lang='lat' dir='ltr'>occupato</span> <span class='ocrx_word' id='word_1_197' title='bbox 1014 1725 1201 1775; x_wconf 91' lang='lat' dir='ltr'>otium</span> <span class='ocrx_word' id='word_1_198' title='bbox 1219 1723 1556 1775; x_wconf 89' lang='lat' dir='ltr'>conceditur</span> <span class='ocrx_word' id='word_1_199' title='bbox 1570 1723 1645 1776; x_wconf 93' lang='lat' dir='ltr'>ad</span> <span class='ocrx_word' id='word_1_200' title='bbox 1660 1723 1885 1776; x_wconf 87' lang='lat' dir='ltr'>diversa</span> <span class='ocrx_word' id='word_1_201' title='bbox 1903 1726 2138 1789; x_wconf 90' lang='lat' dir='ltr'>negotia</span> <span class='ocrx_word' id='word_1_202' title='bbox 2158 1724 2463 1790; x_wconf 85' lang='lat' dir='ltr'>evagandi.</span> 
     </span>
     <span class='ocr_line' id='line_1_21' title="bbox 267 1792 2561 1860; baseline 0.001 -15"><span class='ocrx_word' id='word_1_203' title='bbox 267 1792 596 1846; x_wconf 91' lang='lat' dir='ltr'>Rescribam</span> <span class='ocrx_word' id='word_1_204' title='bbox 615 1800 815 1846; x_wconf 89' lang='lat' dir='ltr'>autem</span> <span class='ocrx_word' id='word_1_205' title='bbox 834 1793 1073 1860; x_wconf 84' lang='lat' dir='ltr'>ipsemet</span> <span class='ocrx_word' id='word_1_206' title='bbox 1092 1794 1357 1846; x_wconf 91' lang='lat' dir='ltr'>Domino</span> <span class='ocrx_word' id='word_1_207' title='bbox 1378 1794 1642 1855; x_wconf 91' lang='lat' dir='ltr'>Decan0‚</span> <span class='ocrx_word' id='word_1_208' title='bbox 1671 1810 1853 1859; x_wconf 92' lang='lat' dir='ltr'>quam</span> <span class='ocrx_word' id='word_1_209' title='bbox 1874 1797 2133 1860; x_wconf 93' lang='lat' dir='ltr'>primum</span> <span class='ocrx_word' id='word_1_210' title='bbox 2153 1811 2258 1860; x_wconf 94' lang='lat' dir='ltr'>per</span> <span class='ocrx_word' id='word_1_211' title='bbox 2277 1798 2465 1848; x_wconf 91' lang='lat' dir='ltr'>otium</span> <span class='ocrx_word' id='word_1_212' title='bbox 2514 1814 2561 1849; x_wconf 91' lang='lat'>20</span> 
     </span>
     <span class='ocr_line' id='line_1_22' title="bbox 265 1864 2464 1932; baseline 0.002 -16"><span class='ocrx_word' id='word_1_213' title='bbox 265 1864 508 1925; x_wconf 90' lang='lat' dir='ltr'>licuerit,</span> <span class='ocrx_word' id='word_1_214' title='bbox 535 1880 694 1917; x_wconf 92' lang='lat' dir='ltr'>nunc</span> <span class='ocrx_word' id='word_1_215' title='bbox 721 1867 882 1917; x_wconf 93' lang='lat' dir='ltr'>enim</span> <span class='ocrx_word' id='word_1_216' title='bbox 906 1865 1263 1930; x_wconf 86' lang='lat' dir='ltr'>praepeditus</span> <span class='ocrx_word' id='word_1_217' title='bbox 1288 1865 1414 1917; x_wconf 89' lang='lat' dir='ltr'>sum</span> <span class='ocrx_word' id='word_1_218' title='bbox 1441 1865 1704 1930; x_wconf 89' lang='lat' dir='ltr'>quodam</span> <span class='ocrx_word' id='word_1_219' title='bbox 1729 1865 1927 1918; x_wconf 91' lang='lat' dir='ltr'>libello</span> <span class='ocrx_word' id='word_1_220' title='bbox 1949 1866 2089 1932; x_wconf 87' lang='lat' dir='ltr'>Regi</span> <span class='ocrx_word' id='word_1_221' title='bbox 2111 1866 2304 1918; x_wconf 80' lang='lat' dir='ltr'>nostro</span> <span class='ocrx_word' id='word_1_222' title='bbox 2328 1882 2464 1920; x_wconf 92' lang='lat' dir='ltr'>con-</span> 
     </span>
     <span class='ocr_line' id='line_1_23' title="bbox 265 1935 2466 2002; baseline 0.001 -15"><span class='ocrx_word' id='word_1_223' title='bbox 265 1936 406 1988; x_wconf 86' lang='lat' dir='ltr'>scrib</span> <span class='ocrx_word' id='word_1_224' title='bbox 412 1936 581 1997; x_wconf 89' lang='lat' dir='ltr'>end0,</span> <span class='ocrx_word' id='word_1_225' title='bbox 604 1952 783 2001; x_wconf 93' lang='lat' dir='ltr'>quem</span> <span class='ocrx_word' id='word_1_226' title='bbox 796 1939 950 1989; x_wconf 91' lang='lat' dir='ltr'>intra</span> <span class='ocrx_word' id='word_1_227' title='bbox 962 1935 1254 1989; x_wconf 89' lang='lat' dir='ltr'>Paschatis</span> <span class='ocrx_word' id='word_1_228' title='bbox 1268 1935 1473 1989; x_wconf 82' lang='lat' dir='ltr'>festum</span> <span class='ocrx_word' id='word_1_229' title='bbox 1484 1952 1582 1989; x_wconf 92' lang='lat' dir='ltr'>me</span> <span class='ocrx_word' id='word_1_230' title='bbox 1597 1936 2000 1989; x_wconf 91' lang='lat' dir='ltr'>absoluturum</span> <span class='ocrx_word' id='word_1_231' title='bbox 2013 1937 2264 2002; x_wconf 84' lang='lat' dir='ltr'>promisi.</span> <span class='ocrx_word' id='word_1_232' title='bbox 2287 1937 2466 2001; x_wconf 93' lang='lat' dir='ltr'>Quod</span> 
     </span>
     <span class='ocr_line' id='line_1_24' title="bbox 265 2007 2466 2074; baseline 0.001 -15"><span class='ocrx_word' id='word_1_233' title='bbox 265 2007 307 2059; x_wconf 89' lang='lat' dir='ltr'>fi</span> <span class='ocrx_word' id='word_1_234' title='bbox 321 2007 461 2071; x_wconf 93' lang='lat' dir='ltr'>quid</span> <span class='ocrx_word' id='word_1_235' title='bbox 475 2009 700 2060; x_wconf 89' lang='lat' dir='ltr'>interea</span> <span class='ocrx_word' id='word_1_236' title='bbox 714 2008 790 2060; x_wconf 94' lang='lat' dir='ltr'>ad</span> <span class='ocrx_word' id='word_1_237' title='bbox 803 2007 991 2073; x_wconf 89' lang='lat' dir='ltr'>ipsum</span> <span class='ocrx_word' id='word_1_238' title='bbox 1004 2007 1331 2060; x_wconf 88' lang='lat' dir='ltr'>litterarum</span> <span class='ocrx_word' id='word_1_239' title='bbox 1345 2008 1589 2068; x_wconf 85' lang='lat' dir='ltr'>dederiS,</span> <span class='ocrx_word' id='word_1_240' title='bbox 1611 2023 1753 2074; x_wconf 92' lang='lat' dir='ltr'>rogo</span> <span class='ocrx_word' id='word_1_241' title='bbox 1768 2013 1831 2060; x_wconf 89' lang='lat' dir='ltr'>ut</span> <span class='ocrx_word' id='word_1_242' title='bbox 1845 2023 2078 2061; x_wconf 92' lang='lat' dir='ltr'>moram</span> <span class='ocrx_word' id='word_1_243' title='bbox 2094 2008 2251 2061; x_wconf 89' lang='lat' dir='ltr'>hanc</span> <span class='ocrx_word' id='word_1_244' title='bbox 2267 2024 2466 2062; x_wconf 91' lang='lat' dir='ltr'>meam</span> 
     </span>
     <span class='ocr_line' id='line_1_25' title="bbox 265 2077 2465 2145; baseline 0.001 -15"><span class='ocrx_word' id='word_1_245' title='bbox 265 2080 328 2130; x_wconf 89' lang='lat' dir='ltr'>in</span> <span class='ocrx_word' id='word_1_246' title='bbox 342 2077 705 2130; x_wconf 87' lang='lat' dir='ltr'>rescribendo</span> <span class='ocrx_word' id='word_1_247' title='bbox 721 2079 880 2143; x_wconf 91' lang='lat' dir='ltr'>apud</span> <span class='ocrx_word' id='word_1_248' title='bbox 893 2078 1082 2144; x_wconf 89' lang='lat' dir='ltr'>ipsum</span> <span class='ocrx_word' id='word_1_249' title='bbox 1097 2078 1371 2131; x_wconf 87' lang='lat' dir='ltr'>excusare</span> <span class='ocrx_word' id='word_1_250' title='bbox 1385 2079 1554 2140; x_wconf 89' lang='lat' dir='ltr'>velis;</span> <span class='ocrx_word' id='word_1_251' title='bbox 1576 2079 1730 2132; x_wconf 92' lang='lat' dir='ltr'>dabo</span> <span class='ocrx_word' id='word_1_252' title='bbox 1749 2095 2010 2145; x_wconf 91' lang='lat' dir='ltr'>operam,</span> <span class='ocrx_word' id='word_1_253' title='bbox 2031 2086 2095 2132; x_wconf 90' lang='lat' dir='ltr'>ut</span> <span class='ocrx_word' id='word_1_254' title='bbox 2113 2082 2306 2145; x_wconf 88' lang='lat' dir='ltr'>prima</span> <span class='ocrx_word' id='word_1_255' title='bbox 2322 2096 2465 2145; x_wconf 91' lang='lat' dir='ltr'>qua-</span> 
     </span>
     <span class='ocr_line' id='line_1_26' title="bbox 267 2147 2561 2217; baseline 0.002 -16"><span class='ocrx_word' id='word_1_256' title='bbox 267 2165 381 2214; x_wconf 92' lang='lat' dir='ltr'>que</span> <span class='ocrx_word' id='word_1_257' title='bbox 409 2149 710 2202; x_wconf 80' lang='lat' dir='ltr'>occasione</span> <span class='ocrx_word' id='word_1_258' title='bbox 737 2149 912 2215; x_wconf 90' lang='lat' dir='ltr'>ipfius</span> <span class='ocrx_word' id='word_1_259' title='bbox 933 2147 1323 2216; x_wconf 79' lang='lat' dir='ltr'>expec&#39;tationi</span> <span class='ocrx_word' id='word_1_260' title='bbox 1342 2149 1589 2204; x_wconf 90' lang='lat' dir='ltr'>satisfiat.</span> <span class='ocrx_word' id='word_1_261' title='bbox 1610 2150 1774 2204; x_wconf 89' lang='lat' dir='ltr'>Vale.</span> <span class='ocrx_word' id='word_1_262' title='bbox 1803 2150 1978 2204; x_wconf 87' lang='lat' dir='ltr'>Datae</span> <span class='ocrx_word' id='word_1_263' title='bbox 1999 2151 2360 2217; x_wconf 89' lang='lat' dir='ltr'>Uraniburgi</span> <span class='ocrx_word' id='word_1_264' title='bbox 2377 2151 2463 2204; x_wconf 89' lang='grc'>23.</span> <span class='ocrx_word' id='word_1_265' title='bbox 2514 2170 2561 2206; x_wconf 85' lang='lat'>25</span> 
     </span>
     <span class='ocr_line' id='line_1_27' title="bbox 267 2221 836 2287; baseline 0.002 -14"><span class='ocrx_word' id='word_1_266' title='bbox 267 2221 466 2287; x_wconf 86' lang='lat' dir='ltr'>Martij</span> <span class='ocrx_word' id='word_1_267' title='bbox 489 2221 671 2273; x_wconf 89' lang='lat' dir='ltr'>Anno</span> <span class='ocrx_word' id='word_1_268' title='bbox 691 2221 836 2275; x_wconf 83' lang='lat'><strong>1586.</strong></span> 
     </span>
    </p>
   </div>
   <div class='ocr_carea' id='block_1_3' title="bbox 269 2433 1458 2481">
    <p class='ocr_par' dir='ltr' id='par_1_3' title="bbox 269 2433 1458 2481">
     <span class='ocr_line' id='line_1_28' title="bbox 269 2433 1458 2481; baseline 0.003 -12"><span class='ocrx_word' id='word_1_269' title='bbox 269 2433 342 2478; x_wconf 88' lang='lat' dir='ltr'>[Ex</span> <span class='ocrx_word' id='word_1_270' title='bbox 363 2435 605 2480; x_wconf 86' lang='lat' dir='ltr'>apographo</span> <span class='ocrx_word' id='word_1_271' title='bbox 626 2434 669 2470; x_wconf 88' lang='lat' dir='ltr'>in</span> <span class='ocrx_word' id='word_1_272' title='bbox 690 2434 834 2472; x_wconf 86' lang='lat' dir='ltr'>codice</span> <span class='ocrx_word' id='word_1_273' title='bbox 854 2434 1175 2472; x_wconf 85' lang='lat' dir='ltr'>vindobonensi</span> <span class='ocrx_word' id='word_1_274' title='bbox 1195 2435 1262 2472; x_wconf 85' lang='lat' dir='ltr'>lat.</span> <span class='ocrx_word' id='word_1_275' title='bbox 1287 2435 1458 2481; x_wconf 79' lang='grc'>1068666]</span> 
     </span>
    </p>
   </div>
   <div class='ocr_carea' id='block_1_4' title="bbox 269 2521 2462 2598">
    <p class='ocr_par' dir='ltr' id='par_1_4' title="bbox 269 2521 2462 2598">
     <span class='ocr_line' id='line_1_29' title="bbox 269 2521 2462 2598; baseline 0.001 -5"><span class='ocrx_word' id='word_1_276' title='bbox 269 2521 944 2597; x_wconf 89' lang='lat' dir='ltr'><strong>THADDAEUS</strong></span> <span class='ocrx_word' id='word_1_277' title='bbox 980 2522 1571 2598; x_wconf 91' lang='lat' dir='ltr'>HAGECIUS</span> <span class='ocrx_word' id='word_1_278' title='bbox 1604 2524 1765 2597; x_wconf 89' lang='lat' dir='ltr'>AD</span> <span class='ocrx_word' id='word_1_279' title='bbox 1799 2522 2462 2598; x_wconf 90' lang='lat' dir='ltr'>TYCHONEM</span> 
     </span>
    </p>
   </div>
   <div class='ocr_carea' id='block_1_5' title="bbox 1223 2627 2586 2754">
    <p class='ocr_par' dir='ltr' id='par_1_5' title="bbox 1223 2627 2586 2754">
     <span class='ocr_line' id='line_1_30' title="bbox 1223 2627 1511 2680; baseline 0 0"><span class='ocrx_word' id='word_1_280' title='bbox 1223 2627 1511 2680; x_wconf 89' lang='lat' dir='ltr'><strong>BRAHE.</strong></span> 
     </span>
     <span class='ocr_line' id='line_1_31' title="bbox 1342 2708 2586 2754; baseline 0.002 -3"><span class='ocrx_word' id='word_1_281' title='bbox 1342 2708 1391 2752; x_wconf 90' lang='lat' dir='ltr'>S.</span> <span class='ocrx_word' id='word_1_282' title='bbox 2497 2709 2586 2754; x_wconf 75' lang='lat' dir='ltr'>22v</span> 
     </span>
    </p>
   </div>
   <div class='ocr_carea' id='block_1_6' title="bbox 269 2793 2560 3360">
    <p class='ocr_par' dir='ltr' id='par_1_6' title="bbox 269 2793 2560 3360">
     <span class='ocr_line' id='line_1_32' title="bbox 328 2793 2466 2867; baseline -0.002 -18"><span class='ocrx_word' id='word_1_283' title='bbox 328 2842 349 2867; x_wconf 43' lang='lat'><em>5</em></span> <span class='ocrx_word' id='word_1_284' title='bbox 509 2840 530 2867; x_wconf 45' lang='lat' dir='ltr'><em>s</em></span> <span class='ocrx_word' id='word_1_285' title='bbox 680 2821 685 2828; x_wconf 81' lang='lat'><em>-</em></span> <span class='ocrx_word' id='word_1_286' title='bbox 739 2795 892 2849; x_wconf 91' lang='lat' dir='ltr'>ERO</span> <span class='ocrx_word' id='word_1_287' title='bbox 920 2795 1246 2848; x_wconf 92' lang='lat' dir='ltr'>admodum</span> <span class='ocrx_word' id='word_1_288' title='bbox 1271 2794 1511 2847; x_wconf 87' lang='lat' dir='ltr'>redditae</span> <span class='ocrx_word' id='word_1_289' title='bbox 1537 2793 1667 2846; x_wconf 94' lang='lat' dir='ltr'>sunt</span> <span class='ocrx_word' id='word_1_290' title='bbox 1691 2793 1839 2846; x_wconf 90' lang='lat' dir='ltr'>mihi</span> <span class='ocrx_word' id='word_1_291' title='bbox 1868 2793 2053 2846; x_wconf 86' lang='lat' dir='ltr'>literae</span> <span class='ocrx_word' id='word_1_292' title='bbox 2081 2799 2218 2854; x_wconf 83' lang='lat' dir='ltr'>tuae,</span> <span class='ocrx_word' id='word_1_293' title='bbox 2248 2795 2466 2845; x_wconf 89' lang='lat' dir='ltr'>amico·</span> 
     </span>
     <span class='ocr_line' id='line_1_33' title="bbox 376 2833 2465 2934; baseline -0.001 -15"><span class='ocrx_word' id='word_1_294' title='bbox 376 2855 384 2872; x_wconf 54' lang='lat'>‘</span> <span class='ocrx_word' id='word_1_295' title='bbox 489 2918 501 2934; x_wconf 68' lang='lat'><strong><em>‚</em></strong></span> <span class='ocrx_word' id='word_1_296' title='bbox 729 2882 872 2919; x_wconf 94' lang='lat' dir='ltr'>rum</span> <span class='ocrx_word' id='word_1_297' title='bbox 893 2869 1128 2932; x_wconf 90' lang='lat' dir='ltr'>optime,</span> <span class='ocrx_word' id='word_1_298' title='bbox 1149 2865 1339 2918; x_wconf 91' lang='lat' dir='ltr'>nihilo</span> <span class='ocrx_word' id='word_1_299' title='bbox 1358 2868 1557 2917; x_wconf 91' lang='lat' dir='ltr'>minus</span> <span class='ocrx_word' id='word_1_300' title='bbox 1577 2864 1815 2917; x_wconf 87' lang='lat' dir='ltr'>fuerunt</span> <span class='ocrx_word' id='word_1_301' title='bbox 1834 2865 2171 2930; x_wconf 84' lang='lat' dir='ltr'>gratissimae.</span> <span class='ocrx_word' id='word_1_302' title='bbox 2199 2833 2373 2917; x_wconf 62' lang='lat' dir='ltr'>’Sors</span> <span class='ocrx_word' id='word_1_303' title='bbox 2357 2866 2465 2916; x_wconf 88' lang='grc'>1111-</span> 
     </span>
     <span class='ocr_line' id='line_1_34' title="bbox 467 2934 2466 3006; baseline -0.003 -13"><span class='ocrx_word' id='word_1_304' title='bbox 467 2981 512 3003; x_wconf 21' lang='lat'><em>*</em></span> <span class='ocrx_word' id='word_1_305' title='bbox 601 2981 615 3002; x_wconf 43' lang='grc' dir='ltr'><em>ς</em></span> <span class='ocrx_word' id='word_1_306' title='bbox 656 2960 676 2985; x_wconf 49' lang='lat' dir='ltr'>x.</span> <span class='ocrx_word' id='word_1_307' title='bbox 694 2963 699 3006; x_wconf 81' lang='lat' dir='ltr'>j</span> <span class='ocrx_word' id='word_1_308' title='bbox 740 2954 859 3003; x_wconf 93' lang='lat' dir='ltr'>qua</span> <span class='ocrx_word' id='word_1_309' title='bbox 878 2937 1027 2999; x_wconf 87' lang='lat' dir='ltr'>fecit,</span> <span class='ocrx_word' id='word_1_310' title='bbox 1049 2944 1111 2990; x_wconf 93' lang='lat' dir='ltr'>ut</span> <span class='ocrx_word' id='word_1_311' title='bbox 1131 2953 1326 3002; x_wconf 92' lang='lat' dir='ltr'>neque</span> <span class='ocrx_word' id='word_1_312' title='bbox 1342 2943 1461 2989; x_wconf 86' lang='lat' dir='ltr'>tuae</span> <span class='ocrx_word' id='word_1_313' title='bbox 1480 2936 1555 2989; x_wconf 92' lang='lat' dir='ltr'>ad</span> <span class='ocrx_word' id='word_1_314' title='bbox 1572 2952 1667 2988; x_wconf 92' lang='lat' dir='ltr'>me</span> <span class='ocrx_word' id='word_1_315' title='bbox 1684 2935 2016 3001; x_wconf 85' lang='lat' dir='ltr'>tempestive</span> <span class='ocrx_word' id='word_1_316' title='bbox 2037 2934 2250 2997; x_wconf 86' lang='lat' dir='ltr'>afferri,</span> <span class='ocrx_word' id='word_1_317' title='bbox 2270 2950 2466 3000; x_wconf 91' lang='lat' dir='ltr'>neque</span> 
     </span>
     <span class='ocr_line' id='line_1_35' title="bbox 353 3005 2466 3075; baseline -0.002 -13"><span class='ocrx_word' id='word_1_318' title='bbox 353 3034 358 3047; x_wconf 57' lang='grc' dir='ltr'><em>ι</em></span> <span class='ocrx_word' id='word_1_319' title='bbox 472 3049 476 3051; x_wconf 11' lang='grc' dir='ltr'>μ</span> <span class='ocrx_word' id='word_1_320' title='bbox 499 3008 504 3019; x_wconf 77' lang='lat'><strong><em>‘</em></strong></span> <span class='ocrx_word' id='word_1_321' title='bbox 532 3053 535 3056; x_wconf 90' lang='grc'>.</span> <span class='ocrx_word' id='word_1_322' title='bbox 598 3006 618 3010; x_wconf 13' lang='grc' dir='ltr'>χ</span> <span class='ocrx_word' id='word_1_323' title='bbox 638 3027 657 3047; x_wconf 55' lang='grc'><strong><em>»</em></strong></span> <span class='ocrx_word' id='word_1_324' title='bbox 701 3022 704 3024; x_wconf 87' lang='grc'><em>·</em></span> <span class='ocrx_word' id='word_1_325' title='bbox 738 3024 890 3062; x_wconf 88' lang='lat' dir='ltr'>meae</span> <span class='ocrx_word' id='word_1_326' title='bbox 923 3009 999 3062; x_wconf 93' lang='lat' dir='ltr'>ad</span> <span class='ocrx_word' id='word_1_327' title='bbox 1030 3015 1085 3062; x_wconf 93' lang='lat' dir='ltr'>te</span> <span class='ocrx_word' id='word_1_328' title='bbox 1117 3008 1359 3075; x_wconf 89' lang='lat' dir='ltr'>perferri</span> <span class='ocrx_word' id='word_1_329' title='bbox 1390 3010 1702 3074; x_wconf 91' lang='lat' dir='ltr'>potuerint.</span> <span class='ocrx_word' id='word_1_330' title='bbox 1735 3007 1884 3060; x_wconf 87' lang='lat' dir='ltr'>Tuae</span> <span class='ocrx_word' id='word_1_331' title='bbox 1917 3009 2077 3059; x_wconf 93' lang='lat' dir='ltr'>enim</span> <span class='ocrx_word' id='word_1_332' title='bbox 2108 3006 2194 3059; x_wconf 90' lang='lat'>25.</span> <span class='ocrx_word' id='word_1_333' title='bbox 2224 3005 2466 3072; x_wconf 83' lang='lat' dir='ltr'>Augusti</span> 
     </span>
     <span class='ocr_line' id='line_1_36' title="bbox 297 3075 2560 3164; baseline 0.002 -37"><span class='ocrx_word' id='word_1_334' title='bbox 297 3075 379 3146; x_wconf 44' lang='lat'>1¹12</span> <span class='ocrx_word' id='word_1_335' title='bbox 451 3076 531 3150; x_wconf 19' lang='lat' dir='ltr'>jib&amp;</span> <span class='ocrx_word' id='word_1_336' title='bbox 566 3095 571 3114; x_wconf 54' lang='lat' dir='ltr'><em>f</em></span> <span class='ocrx_word' id='word_1_337' title='bbox 739 3080 961 3164; x_wconf 76' lang='lat' dir='ltr'>scriptae</span> <span class='ocrx_word' id='word_1_338' title='bbox 975 3080 1123 3132; x_wconf 92' lang='lat' dir='ltr'>mihi</span> <span class='ocrx_word' id='word_1_339' title='bbox 1138 3081 1379 3133; x_wconf 94' lang='lat' dir='ltr'>demum</span> <span class='ocrx_word' id='word_1_340' title='bbox 1393 3080 1466 3132; x_wconf 92' lang='lat'><strong>18.</strong></span> <span class='ocrx_word' id='word_1_341' title='bbox 1482 3079 1683 3146; x_wconf 91' lang='lat' dir='ltr'>Martij</span> <span class='ocrx_word' id='word_1_342' title='bbox 1701 3078 1942 3132; x_wconf 88' lang='lat' dir='ltr'>redditae</span> <span class='ocrx_word' id='word_1_343' title='bbox 1955 3078 2101 3131; x_wconf 89' lang='lat' dir='ltr'>sunt.</span> <span class='ocrx_word' id='word_1_344' title='bbox 2121 3077 2336 3131; x_wconf 87' lang='lat' dir='ltr'>Aiebat</span> <span class='ocrx_word' id='word_1_345' title='bbox 2348 3076 2464 3139; x_wconf 90' lang='lat' dir='ltr'>ille,</span> <span class='ocrx_word' id='word_1_346' title='bbox 2514 3096 2560 3132; x_wconf 82' lang='lat'>35</span> 
     </span>
     <span class='ocr_line' id='line_1_37' title="bbox 363 3148 2465 3216; baseline -0.001 -12"><span class='ocrx_word' id='word_1_347' title='bbox 363 3181 365 3184; x_wconf 58' lang='lat'>&lt;</span> <span class='ocrx_word' id='word_1_348' title='bbox 415 3159 433 3171; x_wconf 60' lang='lat'>²</span> <span class='ocrx_word' id='word_1_349' title='bbox 666 3156 669 3161; x_wconf 80' lang='grc'><em>’</em></span> <span class='ocrx_word' id='word_1_350' title='bbox 741 3154 843 3216; x_wconf 91' lang='lat' dir='ltr'>qui</span> <span class='ocrx_word' id='word_1_351' title='bbox 864 3167 964 3204; x_wconf 92' lang='lat' dir='ltr'>eas</span> <span class='ocrx_word' id='word_1_352' title='bbox 986 3152 1191 3213; x_wconf 88' lang='lat' dir='ltr'>attulit,</span> <span class='ocrx_word' id='word_1_353' title='bbox 1212 3151 1545 3216; x_wconf 82' lang='lat' dir='ltr'>tempestate</span> <span class='ocrx_word' id='word_1_354' title='bbox 1565 3153 1718 3203; x_wconf 70' lang='lat' dir='ltr'>aeris</span> <span class='ocrx_word' id='word_1_355' title='bbox 1734 3153 1798 3203; x_wconf 94' lang='lat' dir='ltr'>in</span> <span class='ocrx_word' id='word_1_356' title='bbox 1813 3151 2021 3203; x_wconf 87' lang='lat' dir='ltr'>itinere</span> <span class='ocrx_word' id='word_1_357' title='bbox 2037 3148 2194 3202; x_wconf 87' lang='lat' dir='ltr'>fuisse</span> <span class='ocrx_word' id='word_1_358' title='bbox 2207 3164 2465 3202; x_wconf 87' lang='lat' dir='ltr'>remora-</span> 
     </span>
     <span class='ocr_line' id='line_1_38' title="bbox 269 3220 2465 3288; baseline -0 -15"><span class='ocrx_word' id='word_1_359' title='bbox 269 3227 411 3273; x_wconf 94' lang='lat' dir='ltr'>tum.</span> <span class='ocrx_word' id='word_1_360' title='bbox 434 3221 555 3287; x_wconf 89' lang='lat' dir='ltr'>Ego</span> <span class='ocrx_word' id='word_1_361' title='bbox 574 3237 716 3274; x_wconf 88' lang='lat' dir='ltr'>vero</span> <span class='ocrx_word' id='word_1_362' title='bbox 735 3221 908 3287; x_wconf 91' lang='lat' dir='ltr'>longe</span> <span class='ocrx_word' id='word_1_363' title='bbox 929 3230 1082 3284; x_wconf 88' lang='lat' dir='ltr'>ante,</span> <span class='ocrx_word' id='word_1_364' title='bbox 1105 3239 1287 3288; x_wconf 93' lang='lat' dir='ltr'>quam</span> <span class='ocrx_word' id='word_1_365' title='bbox 1305 3229 1438 3275; x_wconf 91' lang='lat' dir='ltr'>tuas</span> <span class='ocrx_word' id='word_1_366' title='bbox 1458 3223 1806 3287; x_wconf 85' lang='lat' dir='ltr'>accepissem,</span> <span class='ocrx_word' id='word_1_367' title='bbox 1827 3223 1891 3274; x_wconf 90' lang='lat' dir='ltr'>in</span> <span class='ocrx_word' id='word_1_368' title='bbox 1909 3220 2042 3287; x_wconf 90' lang='lat' dir='ltr'>ipfis</span> <span class='ocrx_word' id='word_1_369' title='bbox 2060 3220 2219 3287; x_wconf 87' lang='lat' dir='ltr'>ferijs</span> <span class='ocrx_word' id='word_1_370' title='bbox 2239 3220 2465 3273; x_wconf 87' lang='lat' dir='ltr'>Nativi-</span> 
     </span>
     <span class='ocr_line' id='line_1_39' title="bbox 270 3290 2464 3360; baseline -0 -16"><span class='ocrx_word' id='word_1_371' title='bbox 270 3294 402 3345; x_wconf 90' lang='lat' dir='ltr'>tatis</span> <span class='ocrx_word' id='word_1_372' title='bbox 419 3292 493 3344; x_wconf 93' lang='lat' dir='ltr'><strong>D.</strong></span> <span class='ocrx_word' id='word_1_373' title='bbox 508 3291 714 3346; x_wconf 65' lang='lat' dir='ltr'>nadtus</span> <span class='ocrx_word' id='word_1_374' title='bbox 734 3295 1036 3358; x_wconf 89' lang='lat' dir='ltr'>quandam</span> <span class='ocrx_word' id='word_1_375' title='bbox 1056 3296 1516 3360; x_wconf 86' lang='lat' dir='ltr'>oportunitatem</span> <span class='ocrx_word' id='word_1_376' title='bbox 1535 3299 1590 3345; x_wconf 94' lang='lat' dir='ltr'>et</span> <span class='ocrx_word' id='word_1_377' title='bbox 1609 3293 1769 3359; x_wconf 86' lang='lat' dir='ltr'>spem</span> <span class='ocrx_word' id='word_1_378' title='bbox 1787 3291 2170 3358; x_wconf 89' lang='lat' dir='ltr'>perveniendi</span> <span class='ocrx_word' id='word_1_379' title='bbox 2188 3290 2369 3344; x_wconf 78' lang='lat' dir='ltr'>isthuc</span> <span class='ocrx_word' id='word_1_380' title='bbox 2389 3290 2464 3343; x_wconf 91' lang='lat' dir='ltr'><strong>D.</strong></span> 
     </span>
    </p>
   </div>
   <div class='ocr_carea' id='block_1_7' title="bbox 271 3361 2466 3484">
    <p class='ocr_par' dir='ltr' id='par_1_7' title="bbox 271 3361 2466 3484">
     <span class='ocr_line' id='line_1_40' title="bbox 271 3361 2466 3430; baseline -0.002 -14"><span class='ocrx_word' id='word_1_381' title='bbox 271 3363 710 3423; x_wconf 90' lang='lat' dir='ltr'>SEGURIUM,</span> <span class='ocrx_word' id='word_1_382' title='bbox 744 3367 870 3416; x_wconf 92' lang='lat' dir='ltr'>eius</span> <span class='ocrx_word' id='word_1_383' title='bbox 901 3364 1065 3417; x_wconf 87' lang='lat' dir='ltr'>servo</span> <span class='ocrx_word' id='word_1_384' title='bbox 1096 3372 1150 3418; x_wconf 92' lang='lat' dir='ltr'>et</span> <span class='ocrx_word' id='word_1_385' title='bbox 1178 3381 1314 3417; x_wconf 92' lang='lat' dir='ltr'>meo</span> <span class='ocrx_word' id='word_1_386' title='bbox 1346 3364 1619 3430; x_wconf 90' lang='lat' dir='ltr'>populari</span> <span class='ocrx_word' id='word_1_387' title='bbox 1651 3364 1929 3417; x_wconf 92' lang='lat' dir='ltr'>dederam</span> <span class='ocrx_word' id='word_1_388' title='bbox 1959 3378 2124 3416; x_wconf 91' lang='lat' dir='ltr'>meas</span> <span class='ocrx_word' id='word_1_389' title='bbox 2156 3362 2231 3415; x_wconf 91' lang='lat' dir='ltr'>ad</span> <span class='ocrx_word' id='word_1_390' title='bbox 2258 3368 2314 3414; x_wconf 90' lang='lat' dir='ltr'>te</span> <span class='ocrx_word' id='word_1_391' title='bbox 2343 3361 2466 3413; x_wconf 74' lang='lat' dir='ltr'>una</span> 
     </span>
     <span class='ocr_line' id='line_1_41' title="bbox 2330 3447 2466 3484; baseline 0 0"><span class='ocrx_word' id='word_1_392' title='bbox 2330 3447 2466 3484; x_wconf 92' lang='lat' dir='ltr'>cum</span> 
     </span>
    </p>
   </div>
   <div class='ocr_carea' id='block_1_8' title="bbox 265 2763 738 3205">
    <p class='ocr_par' dir='ltr' id='par_1_8' title="bbox 265 2763 738 3205">
     <span class='ocr_line' id='line_1_42' title="bbox 265 2763 738 3205; baseline 0 -235"><span class='ocrx_word' id='word_1_393' title='bbox 265 2763 738 3205; x_wconf 95' lang='lat' dir='ltr'>   </span> 
     </span>
    </p>
   </div>
  </div>
 </body>
</html>
