2644 4030
94 1104 137 1140 10

92 2887 138 2923 35

93 3242 140 3277 40

261 303 566 358 TYCHO
586 304 709 356 AD
728 303 1271 356 THADDAEUM
1292 302 1778 356 HAGECIUM
1799 303 1819 355 1
1840 303 2039 356 NOV.
2062 302 2207 355 1589
2279 302 2385 356 205

185 462 301 512 que
315 462 353 500 a
365 452 421 499 te
438 446 719 499 dissentire
736 449 890 499 circa
904 446 1074 499 illum
1089 446 1402 499 Cometam
1418 452 1639 510 tuaque
1656 444 1949 498 nonnulla
1966 448 2133 497 certis
2147 448 2385 497 rationi-

183 519 293 571 bus
312 517 647 583 improbare
663 533 787 570 non
804 533 958 583 aegre
974 517 1193 570 tuleris.
1214 517 1504 582 Equidem
1517 517 1650 569 satis
1663 516 1913 569 sciebam
1926 523 1982 568 te
1996 517 2110 568 hoc
2127 519 2386 582 ingenuo

185 592 388 643 animo
405 589 719 654 praeditum
733 590 854 650 esse,
875 595 940 641 ut
958 588 1061 641 tibi
1074 591 1332 641 veritatis
1347 589 1625 641 eruendae
1640 590 1824 653 gratia
1837 587 2053 640 alicubi
2068 588 2387 640 contradici

184 676 309 713 non
326 663 511 712 invito
528 663 821 725 acciperes
835 663 1055 713 anim0.
1077 660 1199 713 Scis
1219 660 1369 720 satiS,
1391 662 1649 712 amicitia
1664 661 1842 711 etiam
1856 658 2048 711 nostra
2062 660 2291 711 diutina
2304 658 2385 710 id-

184 731 374 797 ipsum
392 731 734 796 postulante,
754 747 850 783 me
871 731 1038 783 nullo
1058 738 1161 784 tua
1181 732 1459 796 carpendi
1479 737 1581 783 aut
1602 730 1874 783 elevandi
1893 730 2077 782 studio
2098 730 2199 782 ista
2217 730 2385 794 scrip-

184 802 313 863 sisse,
339 802 435 855 sed
459 802 661 854 saltem
681 809 746 855 ut
767 802 1081 855 Cometam
1099 802 1270 854 illum
1290 802 1364 854 ab
1385 805 1574 855 aereis
1593 801 2035 862 fumofitatibuS‚
2062 804 2213 853 inter
2238 817 2387 866 quas

186 889 325 926 eum
343 876 525 939 priori
543 880 647 926 tuo
668 874 740 926 de
760 873 874 925 hoc
893 873 1060 934 libro,
1081 873 1177 926 vel
1197 880 1401 926 contra
1419 876 1687 938 proprias
1707 872 2156 933 observationeS,
2177 888 2281 937 per
2300 875 2385 924 in-

185 947 412 998 curiam
431 944 697 1010 aliquam
716 947 1011 997 immerito
1031 945 1390 1010 reposueraS,
1405 945 1783 1005 vindicarem,
1807 950 1861 996 et
1880 947 2031 996 inter
2049 944 2388 996 lucidissima

185 1016 322 1070 coeli
341 1015 490 1069 astra
509 1018 573 1068 in
590 1015 1005 1068 subtilissimam
1025 1016 1300 1068 aethereae
1321 1018 1576 1082 regionis
1596 1019 1926 1080 puritatem,
1954 1016 2055 1068 ubi
2074 1031 2281 1068 revera
2300 1018 2386 1067 in-

186 1088 361 1140 cessus
385 1087 520 1139 suos
546 1087 828 1148 exhibuit,
854 1090 1065 1140 merito
1091 1103 1456 1152 reponerem,
1484 1103 1559 1139 ne
1585 1094 1689 1139 tua
1713 1087 2016 1152 fingularis
2043 1085 2307 1140 doctrina
2333 1093 2387 1138 et

185 1161 406 1212 eximia
424 1157 756 1220 auctoritaS,
778 1174 957 1223 quam
979 1159 1140 1223 apud
1155 1158 1373 1211 multos
1387 1162 1450 1210 in
1463 1158 1577 1211 hac
1592 1161 1769 1210 etiam
1782 1161 2030 1210 materia
2043 1158 2146 1210 tibi
2159 1158 2386 1210 iamdu-

185 1231 328 1283 dum
349 1230 679 1291 conciliasti,
696 1233 927 1282 veritati
943 1230 1366 1295 promovendae
1383 1237 1438 1282 et
1452 1229 1878 1282 confirmandae
1893 1229 2186 1282 obstaculo
2202 1231 2386 1282 essent.

185 1301 246 1355 Si
265 1301 504 1367 ipsemet
520 1317 726 1354 naevos
741 1308 796 1354 et
811 1307 1004 1353 errata
1016 1301 1295 1366 quaedam
1308 1304 1370 1353 in
1383 1303 1499 1353 tuis
1512 1301 1747 1366 scriptis,
1769 1303 1855 1352 uti
1873 1301 2087 1361 fateriS‚
2109 1301 2386 1366 agnosciS,

185 1376 333 1438 quin
361 1373 648 1438 abstergas
678 1379 734 1425 et
760 1373 1075 1425 venustiori
1104 1372 1297 1425 forma
1327 1373 1557 1433 induaS‚
1590 1372 1715 1424 noli
1747 1375 2141 1424 intermittere.
2175 1372 2387 1436 Neque

120 1462 142 1480 v
186 1447 347 1496 enim
373 1444 666 1496 nonnulla
685 1439 707 1512 ΙΙ
727 1442 1054 1505 retractare,
1082 1459 1219 1508 quae
1245 1444 1394 1496 alias
1419 1459 1544 1496 non
1569 1443 1701 1495 satis
1722 1442 2077 1495 considerate
2097 1443 2390 1508 proposita

184 1516 331 1576 sunt,
353 1516 504 1568 adeo
524 1515 872 1568 indecorum
892 1515 983 1576 est,
1003 1515 1063 1567 id
1084 1518 1245 1567 enim
1262 1531 1298 1567 a
1315 1515 1514 1567 multis
1536 1522 1590 1567 et
1609 1517 1839 1579 magnis
1860 1514 2388 1578 excellentibusque

183 1590 326 1640 viris
345 1593 522 1640 antea
540 1585 880 1639 factitatum.
902 1586 1048 1638 Dies
1063 1586 1221 1638 diem
1235 1586 1424 1647 docet;
1445 1602 1556 1638 nec
1572 1587 1729 1639 idem
1743 1585 1927 1638 homo
1942 1585 2167 1651 semper
2181 1586 2389 1638 eadem

184 1659 381 1724 iudicij
405 1656 916 1723 circumspectione
936 1658 1217 1723 praeditus
1238 1658 1328 1710 est.

257 1729 412 1794 Quae
423 1729 495 1782 de
506 1729 609 1782 illo
622 1729 1097 1782 calendariorum
1109 1729 1543 1782 conformatore
1556 1729 1752 1790 referS,
1769 1728 1928 1794 quod
1940 1728 2135 1781 odiose
2147 1734 2278 1780 tuas
2290 1728 2388 1780 ad-

184 1803 543 1854 monitiones
564 1804 871 1866 exceperit,
895 1816 1020 1853 non
1038 1801 1286 1853 libenter
1305 1801 1501 1862 audi0,
1527 1802 1690 1853 decet
1709 1800 1992 1865 siquidem
2011 1803 2170 1852 viros
2190 1798 2389 1852 doctos

185 1873 488 1925 moderate
509 1879 564 1925 et
582 1875 870 1937 patienter
889 1872 1145 1925 aliorum
1165 1875 1393 1925 monita
1411 1872 1579 1924 ferre.
1607 1872 1870 1925 Scribam
1894 1871 1979 1923 illi
2005 1887 2109 1936 per
2130 1874 2389 1936 primum

186 1944 464 2009 quodque
485 1946 689 2005 otium,
711 1950 766 1996 et
786 1946 936 1996 inter
955 1943 1076 1996 alia
1094 1944 1283 2009 ipsum
1300 1944 1386 1996 sui
1400 1944 1576 2009 officij
1594 1943 1946 2004 admoneb0‚
1967 1950 2148 2007 utque
2162 1949 2217 1994 te
2232 1948 2390 1994 amet

187 2022 243 2068 et
267 2014 594 2068 honorifice
621 2015 693 2068 de
718 2021 775 2067 te
800 2015 1020 2077 sentiat,
1051 2015 1315 2068 hortator
1342 2031 1462 2068 ero,
1492 2015 1714 2067 Fateris
1743 2015 1982 2079 quidem
2012 2014 2302 2078 deincepS,
2332 2020 2388 2065 te

185 2089 301 2139 tuis
326 2086 580 2152 lapsibus
605 2089 962 2151 patrocinari
982 2102 1090 2138 nec
1110 2088 1260 2151 posse
1280 2103 1389 2139 nec
1408 2086 1577 2146 velle,
1605 2087 1764 2150 quod
1785 2085 2109 2138 admodum
2130 2088 2387 2150 ingenuo

187 2164 242 2210 et
254 2157 475 2210 fincero
489 2157 708 2210 iudicio
721 2161 1097 2222 pronuncias,
1113 2159 1376 2223 Apparet
1388 2164 1604 2218 tamen,
1618 2158 1777 2222 quod
1791 2156 2067 2209 nonnihil
2076 2159 2387 2217 movearis,

186 2231 329 2294 quia
348 2228 927 2282 MAESTHLINUM
950 2236 1155 2281 contra
1173 2236 1228 2281 te
1250 2229 1628 2290 defenderim,
1657 2235 1711 2280 et
1735 2228 2023 2280 existimas
2044 2227 2268 2292 aliquid
2288 2228 2387 2280 ad-

185 2300 303 2353 huc
329 2303 392 2352 in
418 2303 779 2352 contrarium
804 2316 911 2364 pro
937 2307 993 2352 te
1020 2301 1133 2352 dici
1159 2301 1325 2365 posse,
1352 2300 1394 2351 fi
1418 2315 1555 2351 meo
1575 2300 1792 2351 iudicio
1813 2299 2265 2364 repugnandum
2284 2299 2386 2351 du-

186 2387 363 2424 ceres,
388 2372 467 2423 At
485 2371 640 2431 sane,
660 2374 744 2424 mi
762 2371 1205 2432 THADDAEE,
1228 2387 1335 2436 ego
1354 2387 1462 2435 pro
1484 2371 1987 2423 MAESTHLINO
2009 2370 2159 2422 nihil
2177 2372 2241 2421 in
2261 2373 2388 2422 eius

186 2445 450 2508 gratiam,
481 2443 641 2507 quod
669 2442 773 2494 tibi
802 2442 1076 2503 officeret,
1106 2442 1310 2507 scripfi,
1340 2458 1535 2507 neque
1565 2458 1672 2507 ego
1702 2449 1804 2494 aut
1833 2443 1949 2507 odij
1982 2448 2084 2494 aut
2113 2444 2387 2493 amicitiae

187 2515 375 2566 caussa
399 2513 496 2565 hic
523 2516 840 2578 quicquam
869 2516 976 2579 egi,
1002 2513 1098 2566 sed
1124 2514 1327 2566 saltem
1354 2521 1417 2566 ut
1436 2517 1741 2566 veritatem
1761 2516 2171 2565 intemeratam
2191 2514 2387 2565 assere-

185 2600 328 2638 rem.
362 2584 943 2638 MAESTHLINUM
976 2601 1049 2637 ex
1080 2585 1228 2637 facie
1257 2600 1569 2649 nunquam
1599 2588 1848 2649 cognovi
1877 2600 2071 2648 neque
2102 2600 2237 2635 cum
2266 2584 2387 2648 ipso

185 2656 372 2709 ullam
393 2659 658 2709 contraxi
677 2671 781 2721 per
799 2656 998 2708 literas
1012 2655 1298 2709 hactenus
1313 2659 1650 2716 amicitiam,
1671 2659 1792 2708 imo
1807 2672 1883 2707 ne
1898 2671 1935 2707 a
1949 2671 2254 2720 quoquam
2268 2655 2387 2707 alio

187 2729 492 2793 quidpiam
506 2727 578 2780 de
591 2727 714 2792 ipso
728 2727 930 2780 referri
945 2728 1162 2789 audivi,
1183 2734 1248 2780 ut
1263 2727 1440 2792 plane
1459 2727 1608 2779 mihi
1625 2730 1857 2792 ignotus
1873 2727 1951 2787 fit,
1972 2726 2078 2778 nifi
2099 2733 2389 2790 quantum

187 2815 261 2851 ex
280 2799 520 2851 eruditis
539 2799 715 2864 ipfius
733 2798 952 2864 scriptis
978 2815 1201 2851 nomen
1228 2802 1355 2851 eius
1380 2801 1758 2864 perceperim,
1786 2806 1841 2850 te
1868 2805 2068 2850 autem
2094 2813 2276 2861 quam
2301 2800 2386 2848 in-

185 2873 326 2922 time
342 2870 684 2935 complexus
697 2870 841 2931 sum,
862 2877 926 2922 ut
942 2873 1202 2935 primum
1215 2871 1386 2922 nobis
1402 2870 1731 2934 Ratisponae
1746 2876 1882 2921 ante
1896 2869 2181 2934 plurimos
2196 2883 2388 2920 annos

186 2941 553 2994 familiaritas
568 2943 883 3003 intercessit‚
900 2957 1199 3006 quamque
1215 2941 1539 2994 constanter
1554 2941 1805 2993 eandem
1819 2956 1922 3005 per
1936 2940 2132 2992 literas
2146 2942 2386 2999 interea,

186 3019 316 3064 utut
329 3013 507 3078 longa
518 3015 754 3065 viarum
767 3014 1204 3078 intercapedine
1224 3011 1486 3065 disiuncti
1506 3012 1698 3073 fimus,
1720 3011 2129 3071 conservarim,
2150 3011 2388 3075 ipsemet

186 3083 320 3136 satis
345 3085 596 3136 idoneus
621 3084 771 3136 testis
797 3085 901 3136 esse
926 3088 1161 3149 poteriS‚
1189 3091 1252 3136 ut
1278 3084 1319 3135 fi
1344 3087 1558 3135 veritas
1585 3086 1647 3135 in
1674 3083 1923 3135 alicuius
1953 3086 2200 3148 gratiam
2228 3082 2387 3146 sepo-

187 3154 386 3206 nenda
413 3154 577 3215 foret‚
608 3155 668 3207 id
695 3157 891 3220 potius
919 3159 982 3207 in
1010 3162 1175 3208 tuam
1206 3155 1280 3207 ob
1311 3156 1652 3207 diuturnam
1681 3161 1856 3219 atque
1886 3153 2106 3206 arctam
2134 3153 2389 3205 nostram

189 3226 659 3278 necessitudinem
684 3226 1021 3279 faciendum
1049 3228 1190 3279 esset.
1218 3227 1297 3278 At
1324 3242 1430 3291 ego
1456 3225 1607 3277 nihil
1632 3225 1729 3277 hic
1755 3223 2057 3278 affectibus
2083 3224 2386 3289 indulgen-

189 3297 332 3348 dum
358 3297 570 3357 censui,
596 3313 672 3349 ne
692 3301 923 3358 veritaS,
951 3300 1118 3350 cuius
1144 3297 1470 3362 penetralia
1496 3300 1724 3361 aperire
1746 3299 1981 3348 animus
2003 3303 2140 3356 erat,
2168 3297 2386 3360 pessun-

189 3367 441 3429 daretur,
468 3374 532 3420 ut
550 3368 646 3421 vel
670 3368 809 3421 hinc
835 3375 1046 3434 pateat,
1073 3384 1170 3421 me
1196 3368 1346 3420 nihil
1371 3368 1549 3420 ullius
1568 3368 1665 3419 vel
1684 3368 1822 3420 odio
1840 3367 1937 3420 vel
1963 3371 2140 3420 etiam
2166 3381 2386 3425 amore,

2228 3438 2388 3501 quod
