2644 4030
271 301 377 356 272
803 297 1240 352 EPISTOLAE
1266 297 1936 352 ASTRONOMICAE

272 443 708 496 Mathematicis
730 440 1083 505 imposuerit.
1112 440 1173 492 Si
1192 442 1364 506 igitur
1382 446 1505 492 tam
1524 443 1894 506 propinquus
1913 440 2062 494 foret
2082 442 2468 496 Cometarum

270 515 420 573 fituS‚
443 528 651 565 eorum
666 512 998 576 parallaxes
1015 511 1302 576 plurimos
1316 513 1529 576 gradus
1544 513 1944 583 adaequarent,
1965 513 2155 578 ficque
2169 517 2334 566 iuxta
2347 514 2466 567 RE-

272 582 801 638 GIOMONTANI
826 585 1134 635 ratiocinia
1159 582 1390 635 facilius
1412 586 1865 647 perciperentur,
1891 599 2001 636 nec
2026 593 2222 637 motus
2246 587 2464 651 proprij

268 659 465 708 minus
478 652 682 707 exaffi'ta
693 654 1027 706 emendatio
1039 660 1142 705 aut
1152 656 1214 705 in
1226 654 1541 706 azimuthis
1553 662 1729 719 atque
1740 657 2019 719 temporis
2032 655 2467 709 mensuratione

268 726 539 792 pusillula
559 725 836 789 quaedam
856 726 1111 777 deviatio
1131 731 1435 790 tantopere
1461 727 1546 777 rei
1567 726 1823 789 quaefitae
1850 727 2268 779 enodationem
2293 729 2466 779 inter-

267 798 539 850 turbaret.
561 796 855 860 Prospexit
874 795 1081 860 procul
1100 796 1280 848 dubio
1300 796 1535 861 infignis
1555 796 1653 848 ille
1673 796 1881 849 artifex
1900 796 2010 849 has
2025 804 2080 849 et
2093 797 2304 850 fimiles
2319 797 2466 850 diffi-

269 869 525 928 cultateS,
554 868 807 932 ideoque
832 874 1063 919 naturae
1089 867 1393 919 thesauros
1419 883 1544 919 non
1570 867 1871 920 exhauriri
1896 869 2062 933 posse,
2089 868 2185 921 sed
2208 869 2284 921 ad
2307 884 2466 934 quae-

268 941 405 993 dam
424 939 642 991 scibilia
661 938 863 990 saltem
883 941 1286 1003 propinquum
1305 939 1446 1003 quid
1467 941 1747 1004 attingere
1767 939 1942 991 licere
1962 940 2303 1005 protestatus
2324 940 2414 992 est.

339 1011 492 1075 Quae
512 1010 645 1062 licet
662 1013 744 1061 ita
762 1009 818 1061 se
838 1009 1113 1069 habeant,
1140 1012 1512 1074 nimiumque
1531 1025 1673 1062 vera
1692 1010 1814 1071 fint,
1842 1017 2102 1063 attamen
2122 1011 2228 1063 nili
2248 1014 2379 1076 quis
2403 1014 2468 1064 in

268 1083 653 1135 Cometarum
681 1080 1083 1145 parallaxibus
1111 1081 1538 1144 perscrutandis
1565 1081 1900 1146 supremam
1926 1081 2202 1134 adhibeat
2227 1083 2465 1148 diligen-

265 1156 426 1214 tiam,
460 1152 778 1216 omnesque
809 1167 1077 1204 errorum
1104 1151 1372 1216 scopulos
1400 1151 1496 1203 vel
1526 1155 1772 1204 minime
1802 1154 2007 1205 obvios
2037 1153 2358 1214 declinarit,
2390 1154 2467 1206 ad

266 1228 366 1285 rei,
397 1239 579 1289 quam
607 1224 870 1283 intendit,
903 1223 1036 1275 satis
1064 1229 1255 1275 ratam
1284 1225 1679 1288 cognitionem
1707 1239 1832 1276 non
1859 1227 2175 1289 perveniet.
2209 1224 2466 1290 Ideoque

267 1312 373 1362 ego
393 1295 729 1361 posthabitis
749 1294 842 1346 his
861 1295 1098 1346 lubricis
1111 1297 1222 1359 vijs
1241 1295 1415 1360 longe
1430 1294 1549 1346 alio
1563 1298 1794 1347 tramite
1808 1296 1884 1347 ad
1899 1296 2285 1348 Cometarum
2298 1296 2466 1348 litum

265 1367 769 1433 pervestigandum
800 1365 948 1418 mihi
979 1366 1373 1418 incedendum
1405 1366 1564 1427 duxi,
1599 1369 1681 1418 ita
1715 1373 1779 1418 ut
1814 1382 1890 1418 ne
1924 1369 2190 1419 minimae
2227 1367 2466 1431 quidem

265 1438 614 1504 parallaxeS,
643 1437 848 1503 quales
874 1440 936 1488 in
963 1437 1225 1489 altissimo
1246 1437 1465 1489 aethere
1486 1437 1652 1499 fiunt,
1679 1437 2098 1503 subterfugium
2118 1438 2360 1502 aliquod
2379 1440 2465 1490 in-

264 1514 549 1570 venirent,
569 1524 678 1560 nec
696 1515 893 1560 motus
911 1511 1129 1574 proprij
1153 1509 1473 1573 implicatio
1490 1509 1979 1574 impedimentum
1996 1508 2262 1569 adferret,
2283 1515 2386 1562 aut
2403 1511 2467 1561 in

265 1581 387 1646 ipsa
417 1581 672 1644 denique
706 1580 1051 1632 observandi
1085 1583 1313 1632 ratione
1349 1580 1576 1644 aliquid
1609 1583 1792 1632 errori
1823 1580 2070 1633 senfibili
2102 1580 2467 1633 occasionem

264 1652 435 1705 facile
452 1652 722 1717 praebens
737 1654 1209 1703 committeretur.
1233 1652 1375 1703 Non
1394 1651 1587 1703 levem
1606 1654 1805 1716 itaque
1825 1652 1974 1704 mihi
1993 1651 2166 1704 infert
2184 1654 2467 1704 iniuriam

267 1723 633 1782 CRAIGUS‚
664 1729 728 1774 ut
752 1729 817 1774 tu
843 1738 1081 1787 quoque
1107 1722 1321 1780 fateris,
1352 1723 1495 1775 dum
1523 1730 1720 1774 motus
1745 1725 1962 1788 proprij
1991 1722 2379 1775 Cometarum
2403 1726 2466 1775 in

264 1794 664 1860 parallaxibus
685 1809 893 1846 eorum
913 1793 1324 1858 cognoscendis
1344 1797 1663 1858 irrepentes
1677 1809 1941 1846 remoras
1955 1794 2070 1860 obij
2078 1809 2208 1846 cere
2222 1809 2347 1846 non
2361 1794 2464 1846 du-

263 1865 421 1926 bitat,
449 1881 584 1917 cum
611 1880 711 1917 eas
738 1865 1061 1917 admodum
1086 1864 1328 1917 studiose
1355 1871 1411 1916 et
1434 1865 1712 1917 subtiliter
1731 1866 1950 1930 ubique
1971 1868 2299 1918 amoverim
2317 1881 2464 1930 prae-

265 1940 656 2001 caverimque.
683 1936 941 2000 Ideoque
961 1951 1086 1988 non
1105 1936 1347 2000 fimplici
1368 1937 1627 2000 quadam
1647 1939 2112 1989 ratiocinationis
2135 1936 2343 1998 forma,
2368 1936 2466 1989 sed

264 2008 426 2073 quafi
444 2023 549 2073 per
568 2008 862 2072 ambageS,
888 2022 965 2058 ne
985 2010 1047 2058 in
1069 2022 1337 2059 errorum
1358 2002 1379 2075 ΙΙ
1398 2007 1668 2071 scopulos
1687 2010 2089 2073 impingerem,
2110 2008 2186 2060 ad
2205 2011 2464 2060 veritatis
2497 2015 2578 2060 39¹

262 2079 570 2145 propofitae
598 2079 838 2143 scopum
865 2081 1112 2143 perrexi.
1144 2078 1398 2130 Excusas
1427 2078 1668 2142 quidem
1695 2085 1759 2131 tu
1788 2079 1987 2131 cursus
2012 2081 2230 2144 proprij
2259 2081 2322 2131 in
2349 2079 2463 2131 Co-

262 2154 432 2203 metis
452 2150 682 2203 duobus
703 2166 740 2202 a
759 2157 814 2201 te
835 2149 1127 2213 descriptis
1148 2148 1475 2214 neglectum
1500 2165 1604 2214 per
1629 2153 1909 2214 temporis
1935 2151 2158 2202 assumti
2185 2152 2462 2215 exiguita-

262 2229 396 2283 tem,
417 2222 512 2274 sed
534 2221 1038 2286 quemadmodum
1057 2223 1338 2285 temporis
1358 2219 1641 2273 interied’ti
1657 2222 1910 2274 brevitas
1926 2222 2000 2274 ob
2014 2237 2228 2286 parum
2241 2223 2466 2274 interea

262 2294 575 2346 alteratum
590 2293 857 2345 Cometae
877 2292 1076 2344 locum
1096 2292 1193 2343 hic
1213 2292 1438 2357 aliquid
1456 2293 1753 2344 commodi
1773 2292 1974 2352 adfert,
1995 2292 2069 2344 fic
2088 2292 2300 2352 rursuS‚
2322 2293 2465 2345 dum

262 2364 631 2417 altitudinem
651 2364 918 2417 Cometae
938 2379 1062 2416 non
1081 2379 1316 2428 magn0,
1337 2370 1401 2415 ut
1421 2367 1695 2428 oportuit,
1716 2363 2028 2416 intervallo
2047 2366 2253 2424 variat,
2273 2363 2464 2429 paral-

261 2436 488 2488 laxium
509 2435 1063 2488 discriminationem
1083 2435 1270 2487 reddit
1288 2435 1917 2500 imperceptibiliorem‚
1938 2442 2113 2499 prout
2126 2435 2198 2488 de
2213 2434 2466 2488 Cometa

262 2510 405 2560 anni
430 2505 577 2566 771121,
605 2508 706 2559 ubi
733 2507 790 2559 18
815 2506 1018 2558 saltem
1043 2509 1411 2558 minutorum
1436 2509 1498 2558 in
1524 2506 1676 2558 binis
1697 2506 2199 2559 observationibus
2224 2505 2462 2559 intersti-

260 2581 408 2631 tium
429 2577 780 2637 assumseras‚
801 2581 923 2630 iam
943 2584 1120 2630 antea
1140 2579 1442 2630 admonui.

333 2650 425 2702 De
453 2657 682 2702 cometa
707 2652 851 2701 anni
878 2647 1008 2701 80mli
1033 2648 1136 2700 suo
1162 2648 1311 2708 loc0,
1338 2649 1572 2701 favente
1596 2649 1878 2710 Numine,
1905 2648 2256 2709 videbimus;
2284 2663 2464 2714 quem

260 2720 392 2773 licet
406 2736 612 2773 revera
626 2721 951 2773 aethereum
964 2720 1121 2772 fuisse
1136 2719 1428 2773 rectissime
1442 2722 1859 2785 pronuntiatis
1880 2728 2080 2772 tamen
2094 2727 2323 2772 motum
2336 2723 2463 2772 eius

260 2794 565 2857 proprium
588 2792 936 2858 negligendo
964 2792 1049 2856 (ut
1070 2791 1141 2843 de
1163 2791 1511 2856 quibusdam
1530 2792 1661 2857 alijs
1688 2807 1847 2843 nunc
1872 2807 1996 2844 non
2023 2791 2237 2854 dicam)
2267 2791 2463 2844 adhuc

260 2866 436 2915 nimis
465 2879 745 2928 magnam
774 2863 860 2915 illi
888 2863 1191 2915 concessisti
1218 2862 1569 2927 parallaxin,
1602 2865 1770 2915 cuius
1800 2865 1978 2915 etiam
2005 2864 2285 2927 temporis
2313 2877 2460 2928 prae·

260 2934 530 2998 suppositi
550 2934 694 2986 iusto
713 2933 954 2986 strictius
973 2934 1367 2994 intervallum,
1395 2937 1548 2986 circa
1568 2934 1975 2986 Meridianum
1999 2933 2333 2998 praesertim,
2359 2933 2463 2986 ubi

262 3005 597 3057 altitudines
624 3006 788 3057 tarde
816 3008 1138 3066 variantur,
1170 3005 1534 3057 occafionem
1562 3006 1828 3069 praebuit.
1860 3004 1974 3057 Sed
2002 3005 2132 3057 haec
2161 3004 2237 3056 ad
2264 3004 2462 3056 literas

260 3082 391 3128 tuas
418 3079 594 3128 nimis
619 3076 767 3128 forte
794 3077 1019 3141 prolixe
1046 3076 1390 3141 respondeo;
1419 3092 1538 3140 qua
1563 3079 1626 3128 in
1649 3083 1813 3141 parte
1833 3075 1874 3127 fi
1894 3076 2035 3141 quid
2054 3082 2361 3140 peccatum
2380 3074 2460 3136 fit,

261 3162 420 3212 roge,
446 3156 510 3199 ut
535 3154 729 3199 tecum
755 3149 826 3199 de
853 3147 945 3199 his
972 3148 1311 3200 conferendi
1338 3148 1640 3212 cupiditati
1666 3151 1934 3212 imputeS‚
1962 3155 2139 3211 atque
2164 3162 2272 3212 pro
2294 3145 2460 3198 solito

262 3233 399 3282 erga
426 3234 521 3269 me
551 3221 736 3270 animi
765 3219 1020 3270 candore
1049 3219 1581 3283 benevolentiaque
1611 3218 1863 3271 excuses,
1898 3218 2076 3270 Nunc
2108 3233 2195 3278 ea,
2229 3233 2366 3283 quae
2397 3219 2460 3270 in

261 3287 604 3352 Postscriptis
624 3288 931 3349 habentur,
955 3291 1282 3354 expediam.

334 3359 604 3419 Gaude0‚
619 3367 674 3412 te
688 3361 947 3425 pagellas
960 3361 1091 3413 illas
1105 3361 1504 3426 impressarum
1518 3360 1906 3426 Epistolarum
1918 3359 2461 3481 Astronomicarunai

2336 3445 2421 3481 un

2520 1099 2563 1135 10

2519 1456 2562 1491 15

2515 1810 2561 1846 20

2513 2167 2560 2202 25

2511 2522 2559 2558 30

2510 2879 2556 2915 35
