2644 4030
253 287 358 339 268
786 284 1224 337 EPISTOLAE
1249 284 1921 337 ASTRONOMICAE

253 433 439 480 metas
466 425 855 486 existimarim,
883 425 988 477 nili
1015 431 1069 477 et
1095 425 1180 476 illi
1202 425 1534 477 immobiles
1554 425 1676 486 lint,
1705 426 1898 490 qualis
1918 433 2041 479 erat
2061 426 2239 480 Stella
2260 428 2453 481 Nova.

255 498 667 556 Collationem‚
702 512 884 560 quam
915 496 1158 548 instituis
1190 498 1344 548 circa
1374 504 1604 548 motum
1635 496 1931 549 stellarum
1962 505 2017 550 et
2050 498 2452 562 Cometarum,

253 568 394 621 nolo
414 567 613 619 multis
633 567 932 632 replicare,
954 569 1095 631 quia
1115 567 1191 619 ad
1212 583 1346 619 eam
1366 583 1549 632 quam
1568 574 1738 620 tueor
1757 567 2101 621 sententiam
2123 570 2454 623 convellen-

254 640 391 691 dam
416 638 567 690 nihil
591 637 743 690 facit.
775 638 987 702 Neque
1014 653 1102 699 ea,
1133 653 1269 703 quae
1296 638 1368 690 de
1393 638 1565 691 stellis
1591 638 1724 691 fixis
1748 638 1969 691 sextam
1998 642 2200 693 circuli
2228 649 2456 706 partem

253 709 523 762 nondum
549 708 794 761 emenfis
819 711 883 760 in
907 709 1172 761 medium
1201 709 1438 769 adduxi,
1468 709 1542 761 fic
1571 711 1914 774 accipienda
1942 718 2129 764 erunt.
2160 711 2267 765 Ista
2296 715 2454 765 enim
2504 730 2527 765 ⁵

254 780 507 845 exempli
532 780 665 832 loco
690 787 922 832 tantum
946 780 1179 845 protuli,
1207 781 1367 845 quod
1388 780 1890 835 COPERNICUS
1916 784 2209 835 attentarit
2229 799 2302 836 ex
2323 798 2454 848 por-

251 854 411 904 tione
431 851 634 915 aliqua
652 859 849 904 motus
871 850 1155 912 transacti,
1183 851 1256 903 de
1281 854 1507 917 integra
1530 852 1775 917 periodo
1801 855 2156 914 ratiocinari,
2183 857 2456 918 quamvis

252 937 636 987 nequaquam
655 923 731 983 id,
754 923 913 986 quod
933 922 1213 987 sperabat.
1235 924 1513 975 assecutus
1533 923 1611 976 fit.
1632 923 1784 976 Tota
1798 927 1959 976 enim
1973 927 2099 977 eius
2114 926 2186 977 de
2200 925 2456 978 fixarum
2503 930 2532 974 ⁴1-

251 1002 418 1046 motu
443 993 725 1046 salvando
750 993 1066 1059 speculatio
1094 1009 1344 1046 erronea
1364 994 1439 1046 est
1459 1001 1514 1046 et
1534 997 1893 1061 apparentijs
1915 1011 2299 1061 nequaquam
2318 1012 2454 1050 con-

252 1065 410 1117 sona.
433 1065 645 1129 Neque
666 1067 826 1117 enim
846 1081 1006 1117 nunc
1027 1068 1286 1117 centenis
1306 1068 1480 1118 annis
1500 1065 1637 1118 fixae
1658 1082 1846 1118 unum
1866 1067 2114 1133 gradum
2131 1067 2454 1130 absolvunt,
2508 1085 2551 1120 10

252 1143 317 1188 ut
338 1139 464 1188 eius
484 1135 591 1188 fert
611 1135 960 1202 hypotheHS,
986 1136 1083 1189 sed
1105 1139 1300 1201 potius
1319 1139 1383 1188 in
1402 1136 1764 1203 septuaginta
1787 1153 1927 1198 un0,
1955 1138 2105 1191 adeo
2125 1144 2191 1191 ut
2210 1139 2456 1192 dubium

252 1207 331 1267 fit,
353 1223 433 1260 an
451 1213 615 1260 tanta
633 1207 748 1260 illis
769 1215 1061 1272 competat
1079 1208 1472 1273 inaequalitas,
1498 1216 1722 1272 quanta
1740 1207 2024 1262 hactenus
2045 1210 2263 1263 credita
2283 1210 2374 1270 est,
2401 1218 2456 1263 et

254 1294 332 1332 an
351 1278 850 1332 vetustissimorum
864 1279 1355 1331 Astronomorum
1375 1281 1447 1332 de
1467 1279 1559 1332 his
1579 1279 1810 1345 prolata
1829 1283 1936 1332 rite
1955 1280 2011 1332 se
2031 1280 2311 1343 habeant;
2333 1288 2396 1334 ut
2415 1282 2457 1334 fi

255 1350 521 1403 Cometae
551 1350 802 1402 alicuius
830 1357 1026 1403 motus
1054 1366 1178 1403 non
1207 1348 1468 1403 exactius
1496 1351 1668 1404 nobis
1696 1350 2023 1416 perspedtus
2051 1351 2241 1413 fuerit,
2274 1368 2452 1417 quarn

253 1421 510 1473 fixarum
529 1423 651 1473 iam
665 1437 702 1474 a
714 1422 803 1474 bis
819 1421 981 1473 mille
998 1425 1172 1474 annis
1192 1425 1448 1474 innotuit
1467 1423 1790 1488 progressio,
1812 1438 2057 1488 operam
2069 1422 2246 1476 lufisse
2258 1425 2454 1476 videa·
2509 1441 2550 1475 15

253 1501 363 1553 tur,
391 1494 493 1557 qui
518 1492 866 1558 hypothesin
891 1496 1246 1546 concinnam
1269 1501 1537 1546 extruere
1557 1495 1807 1546 tentatit.
1834 1494 2031 1546 Multa
2050 1489 2072 1563 ΙΙ
2093 1497 2254 1546 enim
2274 1497 2337 1547 in
2356 1495 2454 1548 ob·
2487 1503 2574 1547 36v

253 1563 692 1624 servationibuS‚
712 1570 834 1616 tam
850 1571 1117 1617 veterum
1137 1580 1319 1629 quam
1338 1567 1748 1626 recentiorum,
1771 1581 1890 1630 quo
1905 1566 1981 1618 ad
1994 1565 2182 1618 stellas
2194 1565 2345 1619 fixas
2360 1566 2455 1618 de-

253 1634 455 1687 sidero,
477 1635 689 1699 Neque
711 1650 845 1687 eam
865 1650 1047 1700 quam
1061 1639 1318 1701 oportuit
1331 1639 1394 1688 in
1407 1636 1500 1688 his
1513 1635 1887 1689 verificandis
1901 1637 2168 1689 adhibuit
2180 1637 2455 1690 PTOLE·

254 1705 505 1759 MAEUS
519 1706 881 1771 diligentiam
896 1713 951 1759 et
963 1707 1382 1772 praecilionem,
1402 1708 1709 1773 multoque
1723 1711 1923 1760 minus
1938 1707 2455 1770 COPERNICUS,

255 1776 415 1842 quod
435 1777 675 1830 alterius
696 1777 772 1830 est
790 1777 905 1830 loci
924 1778 1159 1842 plenius
1179 1779 1474 1831 discutere.
2505 1797 2551 1832 20

326 1849 614 1900 Nondum
639 1851 855 1913 itaque,
881 1852 965 1901 mi
989 1849 1431 1911 THADDAEE,
1459 1851 1535 1902 ad
1560 1850 2065 1915 impossibilitatem
2092 1866 2334 1903 omnem
2360 1852 2454 1904 de-

254 1919 461 1971 duxisti
483 1919 869 1972 Cometarum
893 1919 1259 1986 hypotheseS,
1285 1936 1481 1985 neque
1506 1921 1758 1973 inficiari
1782 1925 1992 1973 merito
2018 1928 2184 1986 potes
2205 1937 2292 1982 ea,
2320 1938 2455 1987 quae

253 1990 326 2043 de
347 1990 600 2043 Cometa
618 1993 763 2043 anni
782 1989 913 2044 77mi
934 1991 1082 2056 (non
1102 1994 1263 2044 enim
1283 1993 1355 2045 de
1376 2008 1465 2053 e0,
1487 1995 1589 2057 qui
1609 2008 1771 2045 anno
1792 1993 1862 2045 80
1882 1991 2106 2053 effulsit,
2129 2000 2195 2045 ut
2213 2000 2332 2046 tuae
2351 1993 2455 2046 ha·

252 2062 390 2114 bent
408 2062 611 2122 literae,
631 2062 691 2114 id
710 2062 950 2127 protuli)
971 2062 1283 2128 publicavi,
1305 2064 1465 2128 quod
1478 2063 1747 2116 videlicet
1760 2063 1933 2116 instar
1951 2068 1987 2124 ῼ
2007 2071 2062 2116 et
2083 2065 2116 2126 {5
2135 2066 2289 2117 circa
2306 2063 2456 2126 &lem

254 2133 663 2194 obambulant,
679 2148 814 2186 cum
826 2149 858 2186 e
870 2137 1039 2186 certis
1054 2134 1554 2187 observationibus
1568 2135 1816 2198 idipsum
1830 2135 2203 2188 Geometrice
2215 2136 2454 2188 demon·
2505 2154 2550 2188 25

252 2204 492 2266 strarim,
514 2211 569 2257 et
588 2207 1067 2258 ratiocinationes
1086 2221 1238 2258 meae
1258 2209 1322 2258 in
1340 2206 1490 2258 libro
1509 2206 1824 2258 transmisso
1843 2207 1946 2259 tibi
1961 2209 2025 2259 in
2041 2213 2317 2272 promptu
2332 2206 2454 2260 fint.

254 2276 314 2328 Si
335 2276 476 2340 quid
495 2275 695 2337 habeS,
718 2277 878 2342 quod
897 2279 969 2342 ijs
990 2280 1211 2342 opponi
1231 2278 1406 2343 possit,
1428 2278 1487 2331 id
1506 2277 1723 2343 profer:
1749 2277 1832 2329 fin
1851 2280 2066 2339 minuS‚
2089 2294 2192 2330 cur
2211 2280 2299 2344 ijs,
2321 2294 2456 2343 quae

253 2350 359 2399 rite
381 2353 435 2399 et
454 2346 702 2400 fideliter
722 2363 830 2400 nec
850 2348 968 2400 fine
988 2348 1191 2401 labore
1212 2351 1494 2401 extricata
1514 2349 1660 2409 sunt,
1687 2364 1812 2401 non
1837 2348 2190 2414 acquiescis?
2216 2356 2271 2402 et
2297 2350 2456 2415 quod

252 2421 316 2470 in
342 2433 413 2470 eo
441 2418 691 2471 Cometa
715 2418 818 2471 tali
844 2419 1024 2472 modo
1051 2418 1324 2473 effectum
1350 2420 1441 2481 est,
1469 2436 1573 2473 cur
1598 2423 1663 2472 in
1688 2420 1820 2486 alijs
1846 2420 1967 2472 alio
1995 2436 2233 2485 quoque
2258 2421 2455 2482 modo,

252 2496 426 2553 prout
446 2493 809 2555 apparentiae
830 2490 967 2556 ipsae
987 2491 1345 2555 postularint.
1371 2491 1501 2544 fieri
1519 2493 1670 2557 posse
1691 2490 1942 2544 diffidis?
1967 2492 2197 2544 Videris
2222 2491 2372 2545 mihi
2393 2495 2456 2545 in
2505 2509 2552 2545 30

255 2561 653 2625 expendendis
679 2561 833 2614 hisce
854 2562 1131 2615 omnibus
1156 2564 1501 2627 praeiudicio
1529 2563 1713 2627 (quod
1732 2578 1877 2628 pace
1896 2570 2000 2616 tua
2020 2563 2290 2627 dixerim)
2312 2579 2456 2628 quo-

255 2633 393 2684 dam
406 2635 507 2694 uti,
530 2639 584 2685 et
598 2635 720 2685 iam
733 2640 911 2686 antea
922 2640 1117 2686 tecum
1132 2634 1473 2696 conclufisse,
1494 2635 1553 2687 id
1567 2634 1905 2699 impossibile
1921 2636 2041 2695 esse,
2064 2636 2223 2700 quod
2237 2650 2317 2687 an
2329 2634 2458 2687 fieri
2534 2669 2536 2671 -

253 2704 441 2768 posset,
462 2705 883 2769 inquirendum
898 2707 1060 2770 prius
1074 2705 1281 2758 fuerat.
1303 2706 1582 2770 Hincque
1596 2704 1816 2758 factum
1831 2705 2109 2764 existimo,
2130 2713 2194 2759 ut
2212 2722 2299 2767 ea,
2321 2721 2457 2771 quae

255 2777 442 2839 capite
462 2775 496 2828 8
517 2782 571 2828 et
591 2776 624 2827 9
645 2778 798 2828 circa
816 2775 1165 2842 hypothefin
1183 2775 1317 2830 dicti
1332 2777 1598 2830 Cometae
1620 2776 2050 2830 enucleandam
2070 2784 2248 2842 atque
2268 2780 2331 2829 in
2350 2793 2456 2829 nu-

253 2861 449 2898 meros
468 2846 874 2899 resolvendam
893 2863 1018 2900 non
1036 2850 1288 2900 minimo
1308 2848 1510 2901 labore
1530 2848 1908 2913 susceperam,
1936 2849 2122 2901 obiter
2146 2848 2348 2900 saltem
2370 2851 2455 2900 in·
2506 2866 2552 2901 35

254 2917 522 2981 spexeris,
550 2934 624 2970 ex
647 2934 767 2983 quo
788 2918 984 2971 adhuc
1004 2919 1076 2972 de
1096 2922 1182 2972 rei
1202 2920 1353 2972 adeo
1374 2919 1678 2985 diligenter
1698 2919 1969 2972 enodatae
1990 2920 2333 2972 certitudine
2354 2920 2456 2973 du-

254 2988 401 3040 bites
421 2995 476 3040 et
496 2989 571 3041 ad
592 2989 849 3042 aliorum
867 2991 1086 3043 iudicia
1105 2990 1382 3056 appelles.
1405 2991 1532 3043 Nec
1552 2991 1683 3052 scio,
1712 2991 1853 3055 quid
1872 2990 1936 3043 fit
1956 2992 2176 3051 caussae,
2203 3006 2308 3043 cur
2331 2997 2456 3043 tan-

254 3066 455 3123 topere
477 3060 863 3113 Cometarum
882 3069 1080 3114 motus
1100 3068 1257 3114 certa
1275 3062 1418 3127 lege,
1439 3069 1613 3126 prout
1634 3062 1913 3127 cuiusque
1932 3062 2181 3128 postulat
2200 3063 2456 3123 inceBuS,

255 3129 466 3182 salvari
493 3132 642 3195 posse
673 3134 1000 3198 impugnes,
1035 3149 1171 3185 cum
1203 3132 1443 3198 ipsemet
1471 3149 1596 3186 non
1625 3132 1943 3194 diffiteariS,
1977 3149 2079 3185 eos
2107 3136 2170 3186 in
2199 3133 2458 3186 aetherea

255 3201 464 3252 mundi
484 3205 721 3267 regione
741 3206 1053 3267 procreari.
1080 3204 1207 3257 Pati
1229 3207 1428 3269 itaque
1449 3220 1521 3257 eo
1540 3208 1829 3269 promtius
1850 3205 2107 3265 deberes,
2133 3204 2456 3258 nonnullos
2505 3220 2552 3256 40

256 3272 438 3335 paulo
465 3272 660 3325 adhuc
686 3274 861 3326 altius
888 3290 1096 3327 eorum
1123 3276 1489 3328 conditiones
1517 3278 1874 3343 examinare,
1904 3282 1959 3328 et
1984 3276 2308 3329 coelestibus
2334 3291 2455 3327 cor-

255 3342 497 3408 poribus
517 3343 806 3397 coelestem
829 3352 1005 3412 atque
1026 3346 1366 3400 ordinatum
1391 3347 1705 3401 attribuere
1731 3355 1976 3400 motum.
2003 3348 2148 3408 Imo,
2174 3346 2457 3471 siquidergi

2353 3419 2395 3471 ti
2436 3418 2456 3470 i
