2644 4030
100 1097 142 1131 10

98 1454 140 1488 15

93 1810 139 1845 20

93 2168 139 2202 25

92 2882 138 2917 35

92 3237 139 3272 40

370 297 672 350 TYCHO
700 297 822 349 AD
850 297 1081 351 IOAN.
1109 298 1306 350 ANT.
1335 298 1777 352 MAGINUM
1804 300 1824 351 1
1852 299 2041 352 DEC.
2070 301 2215 353 1590
2287 301 2391 354 295

192 440 301 491 bus
330 442 688 504 apparentijs
717 456 841 491 non
867 440 1190 492 admodum
1219 440 1637 493 abhorrentem
1665 441 2139 506 speculationem,
2169 458 2390 507 nequa-

192 526 373 575 quam
390 513 453 562 in
470 513 554 562 rei
567 513 810 563 veritate
827 510 1085 564 constare
1107 511 1170 575 (fi
1191 514 1322 576 quis
1343 512 1433 572 est,
1456 515 1559 577 qui
1578 511 1773 565 adhuc
1793 512 2038 577 haefitat)
2059 513 2162 566 suo
2182 514 2314 566 loco
2336 522 2391 567 et

190 589 454 646 tempore
474 598 512 634 a
531 581 702 634 nobis
723 581 1210 647 irrefragabiliter,
1231 599 1355 635 non
1367 583 1570 635 saltem
1583 582 1938 649 Theologice
1954 592 2008 637 et
2022 585 2274 651 Phyfice,
2295 586 2391 638 sed

192 656 370 705 etiam
391 652 814 705 Mathematice
835 657 1236 706 convincetur:
1265 662 1393 706 utut
1412 657 1461 706 is
1480 654 1535 706 se
1555 654 1688 707 satis
1710 655 2137 708 Mathematica
2157 657 2389 709 Mathe-

190 726 418 776 maticis
446 730 623 788 atque
653 724 727 776 ab
758 724 871 775 illis
900 724 1428 789 irreprehensibilia
1455 726 1802 790 proposuisse
1831 726 2110 791 sperabat.
2144 727 2271 779 Imo
2296 728 2392 780 vel

190 795 292 860 ipsi
307 795 591 854 Cometae‚
613 795 685 847 de
701 795 914 860 quibus
929 796 1049 847 dixi
1070 796 1155 860 (ut
1175 796 1288 848 hoc
1310 796 1496 849 obiter
1515 813 1674 849 nunc
1691 813 1930 862 quoque
1950 799 2226 862 indicem)
2248 815 2389 864 qua·

189 876 361 918 tenus
381 866 567 931 aliqui
588 881 796 918 eorum
817 869 970 918 circa
990 867 1314 932 oppositam
1334 867 1485 920 Solis
1510 868 1746 933 plagam
1772 870 2135 930 incedebant,
2162 877 2391 922 motum

189 938 389 990 Terrae
410 953 682 990 annuum
702 953 740 989 a
760 938 1217 991 COPERNICO
1239 940 1504 991 assertum
1524 939 1960 1001 inficiabantur;
1988 940 2139 992 nihil
2162 944 2322 993 enim
2341 944 2391 993 is

191 1025 398 1061 eorum
427 1009 707 1061 destinato
737 1008 926 1061 cursui
956 1009 1220 1070 detraxit,
1254 1011 1475 1062 nedum
1504 1018 1567 1062 ut
1597 1027 1699 1063 eos
1728 1015 1979 1077 retroagi
2011 1020 2112 1064 aut
2143 1012 2390 1065 lentiore

190 1081 368 1146 gressu
387 1081 606 1132 tardari
627 1081 798 1132 nobis
817 1082 898 1132 ita
918 1079 1342 1145 aspectantibus
1364 1088 1607 1147 cogeret,
1635 1083 1706 1134 de
1734 1083 1947 1146 quibus
1968 1087 2390 1148 opportuniore

189 1152 320 1204 loco
347 1152 523 1203 latius
548 1167 720 1217 agere
745 1151 1127 1204 decrevimus.
1156 1152 1242 1203 Ex
1263 1151 1355 1204 his
1375 1155 1574 1217 itaque
1596 1154 1871 1205 omnibus
1891 1157 2012 1206 iam
2033 1170 2388 1207 commemo-

189 1225 328 1275 ratis
342 1223 581 1275 Martiae
595 1222 769 1275 stellae
785 1225 1108 1283 circuitum,
1129 1223 1262 1275 licet
1275 1223 1545 1276 Solarem
1564 1225 1830 1285 transeat,
1853 1226 1926 1277 ob
1948 1225 2083 1278 coeli
2102 1226 2389 1290 liquidissi-

188 1309 352 1346 mam
375 1301 430 1346 et
452 1294 671 1359 ubique
698 1297 963 1359 perviam
988 1294 1361 1346 substantiam
1388 1296 1739 1359 orbiumque
1766 1296 1999 1348 realiter
2025 1297 2391 1350 existentium

189 1366 634 1431 abrogationem
652 1372 707 1418 et
722 1365 1035 1431 systematis
1051 1365 1423 1431 Copernicaei
1443 1366 1873 1427 absurditatem,
1895 1383 2019 1419 non
2037 1371 2391 1421 inconcinne

189 1443 291 1489 aut
317 1440 460 1490 citra
483 1437 905 1502 possibilitatem
931 1453 968 1489 a
993 1437 1164 1489 nobis
1191 1437 1528 1489 ordinatum
1557 1438 1677 1499 esse,
1706 1445 1869 1490 extra
1895 1455 2135 1491 omnem
2163 1446 2389 1492 contro-

188 1508 435 1561 versiam
455 1507 804 1560 concludere
825 1508 1011 1560 datur.

258 1579 601 1631 VERNERI
620 1579 887 1632 libellum
906 1580 978 1632 de
997 1586 1165 1632 motu
1186 1578 1409 1633 octavae
1425 1580 1687 1644 Sphaerae
1704 1596 1776 1632 ex
1789 1588 1892 1634 tua
1906 1582 2227 1634 donatione
2243 1598 2390 1635 non-

189 1651 332 1703 dum
351 1654 567 1716 accepi.
588 1651 864 1703 Existimo
884 1650 1055 1703 illum
1072 1667 1197 1716 prae
1217 1651 1486 1704 locorum
1499 1655 1650 1704 inter
1662 1668 1773 1704 nos
1787 1652 2112 1718 longinqua
2126 1653 2392 1707 distantia

188 1725 583 1787 itinerumque
604 1721 945 1775 difficultate
966 1722 1183 1775 alicubi
1202 1723 1555 1776 intercidisse.
1585 1724 1707 1789 Ego
1733 1723 2124 1777 nihilominus
2148 1740 2255 1790 pro
2278 1725 2390 1778 hac

189 1810 427 1859 quoque
447 1801 551 1847 tua
569 1810 694 1846 non
713 1794 1147 1847 contemnenda
1168 1810 1304 1860 erga
1323 1811 1419 1847 me
1439 1794 1853 1848 benevolentia
1871 1796 1974 1848 tibi
1992 1812 2239 1861 magnas
2260 1797 2390 1849 dico

187 1868 418 1931 gratias,
446 1866 516 1917 Et
541 1872 606 1918 ut
632 1865 894 1918 conscius
919 1865 1006 1926 fis,
1034 1866 1277 1918 Librum
1301 1866 1470 1918 illum
1490 1869 1612 1919 iam
1631 1866 1857 1919 dudum
1877 1883 1914 1919 a
1934 1867 2007 1919 D.
2030 1867 2389 1921 FABRITIO

188 1937 615 1990 Mathematico
625 1937 916 1999 CaesareO,
928 1938 1376 1990 intermediante
1388 1938 1462 1990 D.
1473 1937 1729 1991 Doctore
1737 1937 2169 1992 THADDAEO
2182 1939 2389 1992 HAG-

189 2008 456 2070 GECIO,
478 2011 657 2061 etiam
677 2008 1118 2061 Mathematum
1137 2009 1432 2075 infigniter
1450 2025 1652 2075 gnaro,
1673 2009 1919 2075 adeptus
1939 2010 2082 2062 sum.
2110 2010 2284 2062 Illum
2303 2014 2389 2062 in-

186 2079 452 2145 trospexi,
474 2079 780 2146 disquifivi,
802 2080 971 2132 dilui:
994 2081 1154 2132 Nam
1169 2087 1232 2132 ut
1244 2084 1449 2145 paucis
1465 2082 1791 2146 expediam,
1813 2082 1973 2146 quod
1987 2097 2079 2133 res
2094 2081 2185 2143 est,
2205 2089 2389 2134 ternae

187 2151 305 2204 111ae
333 2151 526 2212 stellae,
557 2152 771 2216 quibus
799 2167 907 2216 pro
936 2151 1325 2204 fundamento
1356 2159 1703 2205 caeterarum
1731 2155 1928 2213 utitur,
1959 2159 2135 2217 atque
2165 2151 2389 2206 odlavae

188 2222 452 2288 Sphaerae
475 2226 774 2276 intricatas
793 2226 1151 2276 mutationes
1170 2223 1555 2289 superstruere
1576 2230 1839 2285 conatur,
1866 2240 1991 2276 non
2011 2225 2084 2277 ab
2104 2225 2210 2276 illo
2230 2225 2388 2277 coeli-

186 2302 279 2347 tus
300 2294 620 2360 diligenter,
642 2298 726 2347 uti
746 2311 854 2360 par
874 2301 1013 2355 erat,
1034 2295 1166 2347 licet
1183 2297 1232 2347 is
1248 2297 1329 2348 ita
1343 2295 1669 2360 praetendat
1684 2295 1867 2360 (quod
1881 2302 2081 2347 tamen
2096 2312 2232 2348 cum
2244 2311 2389 2361 pace

188 2366 469 2418 Manium
487 2369 598 2418 viri
624 2366 772 2418 alias
799 2367 1153 2419 eruditissimi
1180 2374 1235 2418 et
1260 2367 1332 2419 de
1355 2382 1417 2419 re
1439 2366 1867 2419 Mathematica
1891 2367 2173 2431 praeclare
2198 2370 2390 2420 meriti

188 2436 406 2490 dic‘tum
425 2437 587 2501 volo)
609 2437 927 2490 observatae
947 2437 1093 2499 sunt,
1113 2437 1209 2490 sed
1228 2440 1424 2503 potius
1442 2453 1543 2491 eas
1555 2440 1636 2490 ita
1649 2454 1757 2502 pro
1771 2437 1960 2490 lubitu
1975 2437 2199 2490 effinxit
2212 2445 2389 2504 atque

187 2509 502 2574 adaptavit,
533 2515 597 2561 ut
625 2509 744 2561 suae
773 2511 1086 2561 intentioni
1115 2516 1518 2575 congruerent.
1553 2508 1731 2572 Quod
1759 2509 1897 2561 inde
1925 2509 2058 2561 satis
2086 2509 2286 2574 liquet,
2317 2526 2390 2562 ex

188 2595 307 2644 quo
332 2580 670 2633 latitudines
700 2581 1026 2633 earundem
1052 2581 1271 2645 ubique
1298 2580 1545 2641 easdem,
1573 2596 1721 2645 quas
1740 2587 1965 2632 veteres
1990 2581 2388 2646 praesupposu-

188 2658 375 2713 erunt,
395 2654 659 2713 retineat,
682 2658 737 2704 et
756 2651 1146 2704 nihilominus
1167 2653 1457 2717 assumptis
1477 2652 1592 2704 suis
1613 2651 2102 2704 declinationibus
2119 2652 2388 2704 differen-

186 2725 296 2775 tias
315 2723 754 2788 longitudinum
772 2739 944 2788 pares
965 2739 1100 2776 cum
1126 2730 1359 2788 recepta
1385 2726 1770 2776 annotatione
1798 2722 2080 2775 efformet.
2109 2723 2262 2787 Quae
2288 2739 2387 2776 ne-

188 2810 490 2859 quaquam
511 2797 766 2846 invicem
787 2794 1086 2847 cohaerere
1105 2796 1345 2859 possunt.
1370 2795 1532 2847 Nam
1552 2811 1660 2847 nec
1681 2794 1799 2846 illae
1819 2794 2157 2847 latitudines
2178 2811 2387 2847 earun-

187 2866 323 2918 dem
347 2865 658 2927 stellarum,
687 2872 928 2931 excepta
953 2866 1076 2918 sola
1095 2866 1283 2931 Spica,
1311 2869 1374 2918 in
1400 2882 1520 2931 qua
1544 2866 1746 2918 saltem
1769 2869 2013 2918 unicum
2037 2866 2390 2919 desideratur

186 2936 541 3001 scrupulum,
569 2937 799 2989 coelitus
825 2940 907 2989 ita
930 2937 986 2989 se
1012 2936 1248 2997 habent,
1278 2953 1387 2989 nec
1413 2938 1849 3002 longitudinum
1874 2937 2184 2990 intervalla
2210 2953 2388 3003 appa-

187 3010 387 3074 rentijs
408 3014 753 3073 congruunt.
782 3008 943 3060 Hinc
962 3015 1136 3072 patet,
1165 3024 1347 3073 quam
1367 3008 1611 3073 reliqua,
1634 3024 1768 3073 quae
1789 3024 1914 3060 non
1934 3007 2149 3073 absque
2168 3011 2385 3075 ingenij

187 3082 462 3131 acumine
488 3086 665 3144 atque
691 3079 999 3131 subtilitate
1025 3079 1490 3144 superaedificare
1518 3079 1761 3140 laborat,
1788 3079 2051 3132 invalida
2074 3086 2250 3145 atque
2271 3083 2387 3132 rui-

187 3150 330 3202 nosa
345 3150 615 3203 evadant.
630 3150 825 3202 Taceo
840 3166 999 3202 nunc
1014 3151 1174 3215 quod
1188 3150 1339 3215 ipsas
1352 3150 1541 3203 stellas
1554 3151 1686 3203 suas
1699 3150 2036 3203 latitudines
2050 3158 2297 3212 mutare,
2313 3153 2389 3204 ad

187 3224 479 3273 rationem
487 3221 748 3274 alteratae
758 3222 1115 3286 obliquitatis
1125 3222 1419 3286 Eclipticae
1431 3222 1625 3287 (prout
1633 3238 1669 3274 a
1677 3222 1847 3274 nobis
1856 3222 2179 3275 indubitate
2187 3223 2387 3288 depre-

187 3292 436 3344 hensum
456 3292 552 3352 est)
577 3308 686 3344 nec
711 3296 777 3353 is,
804 3308 913 3345 nec
933 3308 1183 3358 magnus
1204 3293 1301 3344 ille
1323 3292 1825 3346 COPERNICUS
1846 3293 2386 3346 animadverterint:

186 3364 374 3416 multo
394 3367 608 3424 minuS‚
630 3370 693 3416 ut
706 3379 810 3428 per
824 3363 1171 3430 hypothesin
1186 3364 1449 3429 aliquam
1465 3364 1620 3417 hanc
1634 3364 2070 3430 divagationem
2083 3368 2252 3417 tutati
2266 3365 2386 3417 fint.

2123 3437 2387 3501 Intelligo
