2644 4030
258 291 350 343 156
790 288 1226 341 EPISTOLAE
1252 287 1922 341 ASTRONOMICAE

259 434 434 483 etiam
456 433 622 482 certis
643 430 968 482 rationibus
990 430 1304 489 ostendam,
1327 445 1506 493 quam
1529 429 1778 482 absurda
1793 429 1856 481 fit
1870 429 1999 482 haec
2013 436 2116 483 tua
2131 437 2184 483 et
2199 431 2453 484 aliorum

258 501 633 566 quorundam
654 503 873 565 opini0,
896 500 1191 561 CometaS,
1214 500 1309 552 etfi
1330 502 1393 551 in
1413 500 1566 552 coelo
1580 500 1701 565 ipso
1717 501 2075 553 curriculum
2088 501 2257 554 suum
2272 503 2453 555 absol-

256 578 412 632 vant,
434 567 455 639 ΙΙ
476 571 865 623 nihilominus
881 587 911 623 e
925 573 1174 623 materia
1194 571 1537 623 elementari
1557 571 1779 623 sursum
1799 574 1862 623 in
1882 571 2105 625 aethera
2123 575 2182 624 vi
2203 573 2453 626 siderum
2484 582 2571 626 98v

256 643 479 695 sublata
499 642 756 694 constare
777 644 941 706 posse.
965 642 1125 705 Quot
1146 644 1306 693 enim
1326 648 1380 693 et
1402 649 1625 706 quanta
1644 642 1782 694 huic
1803 645 2072 708 opinioni
2091 650 2218 696 tum
2235 660 2308 696 ex
2321 644 2453 710 ipfis

259 715 643 766 Cometarum
662 715 1035 778 apparentijs,
1057 720 1183 765 tum
1199 728 1229 764 e
1244 715 1472 765 veriore
1486 713 1725 780 Physica
1738 721 2079 779 repugnent,
2101 715 2316 767 ibidem
2330 731 2453 768 ma·
2503 734 2525 768 5

257 784 524 837 nifestum
556 784 815 836 reddam.
851 785 976 835 Nec
1009 784 1169 848 quod
1200 787 1491 836 intereant
1521 785 1804 845 Cometae‚
1838 785 1976 837 huic
2007 792 2126 838 tuae
2155 786 2454 839 sententiae

256 855 594 920 suffragium
614 854 849 919 praebet.
874 856 1031 907 Nam
1054 871 1189 919 quae
1207 856 1327 920 post
1343 856 1552 907 mundi
1565 859 1818 920 primam
1833 859 2190 909 creationem
2203 860 2453 911 miracu-

256 926 372 978 lose
384 926 707 990 aliquando
719 929 781 978 in
792 933 1021 986 natura,
1031 926 1349 991 prael'ertim
1361 926 1589 988 coelesti,
1600 930 1895 989 eveniunt,
1906 943 1978 980 ea
1989 930 2167 980 etiam
2178 935 2314 980 ante
2325 931 2454 981 uni-

255 997 538 1049 versalem
558 1013 757 1049 rerum
778 1004 1107 1049 creatarum
1124 997 1506 1050 abolitionem
1521 1001 1756 1050 interire
1772 998 2229 1051 consentaneum
2244 999 2453 1055 evadit.

257 1069 381 1122 Cur
401 1075 600 1121 autem
621 1068 800 1121 Stella
817 1069 996 1121 Nova
1015 1076 1070 1121 et
1090 1069 1356 1121 Cometae
1377 1069 1554 1122 semel
1574 1073 1760 1122 exorti
1780 1086 1904 1122 non
1922 1077 2206 1135 perpetuo
2227 1071 2454 1133 durent,
2508 1087 2550 1122 10

256 1156 364 1192 nec
391 1140 642 1192 eandem
667 1140 892 1205 semper
917 1143 1208 1192 retineant
1233 1141 1701 1205 magnitudinem
1727 1147 1829 1193 aut
1853 1141 2129 1203 colorem,
2155 1144 2218 1194 in
2245 1142 2456 1195 eodem

255 1214 431 1263 totius
458 1214 651 1276 operis
679 1211 923 1276 Epilogo
950 1214 1207 1263 rationes
1233 1211 1545 1276 proferam.
1574 1212 1638 1264 Id
1665 1219 1864 1265 autem
1891 1213 2051 1277 quod
2075 1219 2300 1265 veteres
2323 1214 2454 1279 Epi-

257 1285 415 1335 curei
446 1289 500 1334 et
530 1283 772 1347 quidam
801 1283 898 1348 alij
931 1282 1268 1348 Philosophi
1297 1283 1608 1344 senserunt,
1638 1283 1823 1336 sidera
1850 1282 2200 1337 humoribus
2229 1288 2454 1345 nutriri,

256 1370 359 1419 per
378 1354 434 1405 se
454 1354 630 1419 plane
650 1354 859 1406 falsum
881 1354 955 1406 est
976 1361 1030 1406 et
1050 1355 1382 1415 ridiculum,
1403 1355 1625 1407 nedum
1642 1361 1706 1407 ut
1719 1354 1858 1407 hinc
1871 1355 2095 1420 aliquid
2110 1358 2249 1408 certi
2262 1358 2326 1408 in
2341 1357 2454 1409 Co-

256 1428 425 1477 metis
451 1425 699 1489 probare
726 1425 912 1478 liceat.
934 1426 1163 1478 Videris
1189 1426 1337 1478 mihi
1362 1426 1526 1478 brevi
1545 1429 1608 1478 in
1628 1426 2054 1479 Paracelfistam
2074 1427 2253 1492 teipso
2276 1427 2455 1480 inscio
2510 1443 2550 1478 15

257 1498 729 1562 degeneraturuS.
750 1497 910 1549 Nam
925 1503 980 1549 et
993 1500 1042 1549 is
1057 1498 1313 1550 eundem
1326 1503 1592 1549 veterum
1607 1513 1867 1550 errorem
1880 1497 2168 1559 tuebatur,
2185 1501 2457 1563 quamvis

258 1584 381 1620 non
401 1568 746 1620 omnimodo
768 1584 799 1620 6
819 1568 1155 1632 vaporibus,
1182 1569 1278 1621 sed
1297 1571 1544 1621 materia
1566 1569 1826 1633 quadam
1846 1569 2061 1622 coelesti
2081 1572 2289 1622 nutriri
2309 1570 2458 1622 astra

258 1638 627 1704 opinabatur,
657 1639 808 1691 adeo
838 1646 900 1691 ut
929 1646 1192 1693 meteora
1220 1642 1423 1692 omnia
1452 1640 1602 1692 1111111
1631 1640 1793 1693 aliud
1823 1656 2005 1705 quam
2030 1640 2325 1693 stellarum
2352 1642 2455 1693 esse

259 1717 630 1763 excrementa
645 1712 959 1763 asseverare
974 1727 1098 1763 non
1111 1711 1174 1763 fit
1187 1714 1423 1764 veritus,
1440 1712 1822 1764 Conveniens
1835 1712 2119 1776 fiquidem
2131 1712 2454 1774 videbatur,

259 1798 330 1834 ea
350 1797 484 1846 quae
505 1781 724 1846 pabulo
746 1788 800 1833 et
820 1785 1180 1834 nutrimento
1200 1783 1476 1848 indigent,
1497 1782 1629 1835 suas
1645 1786 1822 1835 etiam
1836 1782 2054 1835 habere
2070 1786 2455 1844 excretiones;
2505 1798 2552 1834 20

257 1853 352 1904 sed
381 1852 509 1905 haec
538 1853 853 1917 speculatio
883 1854 956 1905 ab
987 1856 1151 1905 omni
1180 1857 1422 1906 veritate
1453 1854 1650 1906 aliena
1679 1854 1769 1906 611.
1805 1854 1983 1918 Quod
2012 1854 2110 1919 alij
2146 1860 2322 1919 atque
2352 1856 2452 1920 alij

259 1924 524 1976 Cometae
550 1924 792 1976 subinde
820 1927 1085 1977 oriantur
1112 1931 1167 1977 et
1193 1924 1558 1986 aboleantur,
1587 1925 1864 1990 quodque
1892 1925 2135 1990 quidam
2161 1941 2368 1978 eorum
2394 1929 2457 1978 in

257 2010 380 2047 uno
400 1995 531 2047 loco
553 1995 869 2056 confistant,
898 1996 1140 2060 quidam
1159 2012 1301 2048 vero
1320 1996 1569 2048 mobiles
1589 1996 1710 2058 fint,
1739 1997 2017 2062 quodque
2037 1999 2188 2049 inter
2208 2013 2326 2057 eos,
2354 1999 2457 2062 qui

257 2073 585 2127 moventur,
613 2066 711 2132 alij
738 2069 800 2118 in
821 2067 1254 2132 consequentia,
1281 2069 1380 2133 alij
1404 2070 1467 2119 in
1487 2067 1893 2120 antecedentia
1912 2068 2206 2133 lignorum
2227 2068 2457 2121 cursum

257 2138 521 2203 dirigant,
558 2138 836 2203 quodque
873 2138 1057 2203 aliqui
1093 2139 1419 2191 eorundem
1455 2139 1925 2204 Septentrionem
1959 2145 2175 2204 petant,
2212 2140 2456 2204 quidam
2505 2156 2551 2190 25

256 2225 397 2261 vero
413 2209 745 2270 Meridiem,
767 2209 896 2262 haec
917 2212 1122 2262 omnia
1140 2210 1291 2262 nihil
1310 2210 1577 2275 probant,
1600 2226 1701 2263 eos
1717 2226 1790 2262 ex
1804 2206 2195 2279 elemen-sstari
2208 2213 2457 2264 materia
2488 2218 2570 2261 99r

257 2280 531 2332 constare.
560 2281 720 2333 Nam
746 2282 970 2345 possunt
995 2280 1124 2333 haec
1150 2281 1272 2346 ipsa
1298 2288 1352 2333 et
1379 2281 1550 2347 plura
1576 2288 1905 2347 competere
1933 2284 2004 2348 ijs
2027 2284 2090 2333 in
2109 2281 2230 2347 ipso
2251 2282 2404 2335 coelo
2424 2298 2456 2334 e

258 2351 469 2404 coelesti
495 2354 743 2404 materia
770 2352 1147 2413 confirmatiS,
1178 2359 1242 2405 ut
1267 2353 1443 2405 latius
1467 2355 1531 2405 in
1558 2353 1768 2405 eodem
1795 2353 2041 2419 Epilogo
2068 2353 2455 2406 discutiemus,

258 2423 436 2486 Quod
455 2438 597 2474 vero
621 2423 804 2484 addis,
833 2424 1117 2488 quosdam
1138 2424 1407 2476 ordinem
1428 2425 1728 2489 quendam
1748 2426 1811 2476 in
1831 2431 1997 2476 motu
2017 2424 2262 2485 servare,
2290 2424 2455 2490 quos-

258 2495 395 2547 dam
415 2509 556 2546 vero
576 2493 694 2546 fine
715 2495 922 2547 ordine
941 2498 1159 2560 vagari,
1184 2496 1243 2547 id
1263 2498 1515 2547 nimium
1537 2495 1627 2547 est.
1655 2496 1816 2548 Nam
1836 2511 2044 2548 omnes
2066 2496 2345 2548 Cometas
2366 2512 2455 2548 or-
2506 2512 2552 2546 30

258 2566 457 2617 dinem
478 2572 701 2618 certum
720 2566 971 2626 servasse,
995 2582 1104 2618 nec
1128 2565 1206 2631 [a]
1229 2573 1396 2619 motu
1414 2567 1669 2619 tardiore
1690 2569 1753 2618 in
1773 2567 2115 2619 celeriorem
2133 2567 2229 2619 vel
2248 2567 2321 2619 ab
2342 2566 2456 2619 hoc

256 2639 319 2688 in
339 2636 508 2688 illum
527 2637 713 2689 subito
733 2637 1050 2702 prolapsos,
1072 2645 1174 2690 aut
1194 2654 1361 2703 vago,
1383 2638 1730 2691 inconstanti
1742 2638 1837 2690 vel
1850 2637 2237 2690 tumultuario
2255 2638 2342 2702 (ut
2354 2654 2455 2690 vo-

258 2714 348 2759 cat
368 2708 703 2771 SENECA)
726 2707 903 2761 ductu
923 2709 1232 2760 discurrisse
1254 2709 1466 2762 iudico.
1489 2710 1557 2761 In
1577 2708 1853 2761 omnibus
1874 2712 2033 2761 enim
2054 2709 2332 2770 CometiS,
2354 2712 2456 2774 qui
2505 2713 2534 2755 ·1·

258 2794 294 2830 a
313 2794 409 2830 me
430 2782 615 2831 notati
634 2779 779 2840 sunt,
801 2780 1158 2832 constantem
1176 2787 1231 2832 et
1247 2780 1750 2845 proportionalem
1767 2786 1961 2832 motus
1975 2787 2240 2832 tenorem
2255 2779 2455 2845 depre-

257 2850 454 2910 hendi,
482 2851 987 2914 quemadmodum
1009 2854 1186 2903 etiam
1206 2854 1268 2903 in
1289 2854 1528 2911 caeteriS‚
1557 2854 1659 2916 qui
1685 2853 1759 2904 ab
1786 2851 2230 2903 antecessoribus
2252 2851 2456 2903 nostris
2506 2868 2551 2902 35

258 2921 697 2973 Mathematicis
727 2922 957 2974 coelitus
987 2922 1290 2987 diligenter
1319 2923 1604 2975 observati
1632 2923 1776 2975 sunt.
1808 2923 1969 2975 Nam
1995 2923 2155 2987 quod
2184 2922 2457 2974 Historici

259 2991 502 3055 quidam
515 3008 731 3057 vagum
753 3000 807 3044 et
826 2994 1248 3046 inconstantem
1269 2994 1500 3046 cursum
1520 2994 1866 3058 quibusdam
1885 2993 2032 3045 forte
2053 2993 2455 3053 attribuerunt,

260 3062 317 3113 id
337 3062 487 3113 nihil
506 3079 826 3116 moramur.
849 3064 1012 3116 Idem
1034 3067 1193 3116 enim
1213 3065 1327 3116 illis
1346 3072 1400 3117 et
1416 3064 1696 3117 fimilibus
1710 3080 1836 3117 rem
1850 3064 2320 3117 Astronomicam
2333 3080 2457 3116 non

259 3132 711 3198 intelligentibus
737 3137 800 3186 in
826 3138 1049 3187 caeteris
1077 3139 1255 3188 etiam
1277 3136 1549 3197 Planetis,
1576 3139 1698 3188 imo
1720 3143 1774 3188 et
1794 3139 1856 3188 in
1875 3135 2007 3201 ipfis
2027 3135 2159 3187 fixis
2179 3135 2456 3188 fideribus

258 3204 443 3255 videri
457 3205 643 3267 posset.
661 3205 872 3270 Neque
888 3222 960 3258 ex
974 3209 1207 3259 incertis
1221 3207 1559 3272 testimonijs
1573 3210 1787 3259 veritas
1802 3214 1929 3259 rata
1943 3206 2244 3272 colligitur.
2266 3206 2455 3258 Immo
2506 3222 2551 3257 4ο

261 3280 316 3325 61
335 3274 437 3338 ipfi
452 3274 860 3328 Mathematici
880 3293 1003 3329 non
1022 3277 1294 3343 vulgares
1309 3278 1504 3330 Stellae
1519 3279 1713 3330 Novae
1733 3284 1962 3330 motum
1983 3277 2282 3342 quendam
2301 3279 2455 3329 attri-

259 3345 529 3406 buerunt,
556 3346 688 3399 licet
713 3354 997 3411 perpetuo
1023 3350 1086 3399 in
1109 3349 1319 3400 eodem
1338 3349 1470 3401 loco
1491 3349 1814 3410 constiterit,
1837 3355 1892 3401 et
1913 3349 2191 3401 Cometas
2210 3347 2455 3470 postgno-

2353 3433 2456 3470 um
