2644 4030
245 299 338 352 136
776 295 1214 350 EPISTOLAE
1240 294 1909 348 ASTRONOMICAE

243 440 505 500 modum,
525 438 567 490 fi
593 442 642 497 ἀ
670 444 724 490 et
744 438 846 491 Sol
865 440 929 490 in
949 437 1205 490 eundem
1224 436 1439 498 locum,
1460 436 1563 489 ubi
1583 451 1791 489 eorum
1811 436 1982 489 orbes
2001 436 2057 489 se
2076 436 2437 499 intersecant,

243 509 565 575 aliquando
586 509 944 570 devenerint,
970 512 1053 561 ita
1071 514 1136 561 ut
1165 512 1214 567 d*
1242 507 1549 561 latitudine
1568 507 1803 573 prorsus
1822 514 2034 569 careat,
2061 509 2362 573 quomodo
2381 508 2437 560 se

243 596 366 633 non
379 580 718 645 impediant,
734 595 869 633 cum
884 580 1003 632 duo
1018 595 1268 645 corpora
1280 594 1405 631 non
1418 579 1620 649 possint
1634 579 1737 631 esse
1751 582 1814 632 in
1829 580 2038 632 eodem
2052 579 2200 632 loco,
2215 580 2439 632 Verum

242 652 371 704 haec
383 651 667 704 dubitatio
678 667 803 704 non
812 651 1067 703 multum
1080 653 1287 716 ingerit
1297 649 1566 716 scru'puli,
1582 666 1719 703 cum
1731 665 2044 715 nunquam
2054 650 2113 703 id
2124 650 2251 703 fieri
2261 651 2437 716 possit,

243 722 401 787 quod
418 722 535 788 ipse
551 729 805 783 veretur;
827 727 1070 787 apparet
1090 724 1250 774 enim
1270 736 1409 774 eum
1428 737 1554 774 non
1571 721 1705 774 satis
1724 722 2029 787 percepisse
2049 720 2437 788 hypotheseos
2487 737 2509 772 ⁵

242 793 449 846 nostrae
469 792 853 846 inductiones
882 792 1003 856 Qui
1023 808 1284 857 namque
1304 792 1433 845 fieri
1453 799 1645 858 queat,
1672 799 1753 854 ut,
1777 808 1913 845 cum
1933 792 2145 845 Martis
2165 795 2438 845 circuitus

243 865 441 918 Solem
459 863 684 929 semper
702 879 810 930 pro
831 870 1030 916 centro
1049 879 1175 916 non
1194 866 1393 916 minus
1414 879 1596 929 quam
1610 866 1806 917 caeteri
1819 863 2079 917 Planetae
2093 863 2333 929 respicit,
2353 863 2439 916 illi

241 951 510 1001 unquam
536 934 836 988 occurrat?
865 935 930 988 Id
956 938 1116 987 enim
1142 950 1267 987 non
1291 937 1478 1001 magis
1504 935 1675 988 datur
1701 950 1883 1000 quam
1909 934 2439 988 circumferentiam

242 1007 492 1060 alicuius
518 1006 717 1059 circuli
743 1012 942 1059 centro
970 1006 1228 1059 eiusdem
1253 1009 1412 1059 uniri
1439 1012 1494 1059 et
1512 1009 1576 1058 in
1594 1007 1752 1059 idem
1778 1007 2051 1059 recidere.
2081 1007 2225 1058 Non
2250 1009 2438 1059 anim-

241 1077 578 1131 advertebat
596 1078 712 1140 ille,
733 1078 893 1143 quod
909 1093 1070 1130 nunc
1087 1077 1189 1131 Sol
1202 1078 1303 1130 ubi
1316 1078 1392 1131 ad
1407 1093 1546 1130 eum
1562 1077 1761 1130 locum
1778 1077 2093 1139 devenerit,
2111 1078 2213 1130 ubi
2226 1077 2439 1130 Martis
2491 1093 2534 1128 10

242 1150 398 1202 orbis
416 1152 543 1202 eius
560 1149 918 1202 curriculum
936 1149 1149 1211 tranfit,
1171 1149 1461 1202 Martium
1477 1149 1667 1215 ipsum
1680 1148 2037 1202 curriculum
2050 1155 2190 1201 tunc
2203 1164 2328 1201 non
2342 1163 2437 1200 eo-

241 1222 376 1273 dem
401 1223 464 1273 in
488 1220 621 1273 loco
648 1236 787 1274 eum
811 1223 1158 1286 imaginarie
1180 1220 1390 1282 secare,
1415 1219 1512 1273 sed
1531 1221 1750 1286 ubique
1772 1215 1794 1289 ΙΙ
1812 1220 2160 1273 tantundem
2180 1227 2243 1272 ut
2262 1226 2439 1273 antea
2465 1226 2568 1270 B6v

241 1308 279 1345 a
304 1292 439 1345 Sole
465 1291 686 1353 distare,
714 1292 865 1345 adeo
891 1298 955 1345 ut
978 1291 1102 1345 Soli
1123 1307 1436 1358 nunquam
1465 1295 1515 1351 ἀ
1543 1294 1784 1357 propior
1809 1290 1928 1353 fiat,
1956 1307 2139 1356 quam
2165 1293 2439 1344 circuitus

239 1363 415 1428 ipsius
435 1366 589 1416 circa
609 1378 748 1416 eum
767 1366 957 1429 exigit,
978 1363 1084 1415 nisi
1104 1369 1394 1429 quantum
1412 1363 1888 1429 particulariores
1907 1362 1992 1415 illi
2009 1369 2204 1415 motus
2218 1365 2282 1415 in
2295 1362 2437 1415 duo-

240 1435 350 1487 bus
371 1434 631 1496 circeHiS,
652 1435 724 1487 de
745 1435 958 1500 quibus
978 1435 1116 1496 dixi,
1136 1450 1351 1501 parum
1370 1434 1590 1488 addant
1607 1434 1704 1486 vel
1723 1433 2011 1487 auferant.
2040 1433 2219 1498 Quod
2237 1440 2439 1486 tamen
2491 1448 2534 1484 15

241 1507 317 1559 ad
344 1508 635 1559 maiorem
664 1506 829 1559 illam
858 1513 913 1559 et
941 1506 1368 1572 generaliorem
1395 1505 1984 1559 circumvolutionem
2011 1504 2291 1558 collatum
2315 1520 2440 1557 non

241 1577 393 1630 adeo
417 1577 672 1630 multum
696 1577 874 1630 habet
895 1580 1197 1630 momenti.
1218 1578 1443 1630 Verum
1461 1576 1592 1630 haec
1611 1577 1824 1630 melius
1845 1576 2247 1643 intelliguntur
2267 1591 2299 1628 e
2318 1591 2438 1629 me-

242 1648 491 1702 chanica
510 1649 771 1714 quadam
791 1648 1225 1713 compositione,
1246 1651 1327 1702 ita
1346 1656 1410 1701 ut
1429 1648 1531 1702 Sol
1548 1655 1603 1701 et
1619 1649 1792 1702 Luna
1809 1650 1873 1700 in
1892 1648 2007 1700 suis
2028 1648 2267 1701 orbibus
2286 1650 2440 1700 circa

240 1719 486 1773 Terram
509 1719 954 1782 convolvantur,
977 1720 1189 1785 reliqui
1208 1735 1351 1773 vero
1373 1720 1632 1772 Planetae
1655 1722 1719 1772 in
1740 1719 1855 1772 suis
1879 1718 2214 1772 circuitibus
2237 1718 2313 1772 ad
2336 1718 2438 1772 So-

240 1791 374 1844 lem.
395 1790 563 1844 Tunc
584 1794 744 1844 enim
764 1789 1159 1845 circumdqu
1177 1791 1312 1844 Sole
1332 1791 1652 1857 apparebit,
1674 1790 1975 1856 quomodo
1991 1790 2162 1843 orbes
2175 1793 2438 1855 quinque
2488 1804 2535 1839 20

240 1862 618 1915 Planetarum
638 1865 956 1927 quotannis
972 1868 1162 1915 totum
1175 1862 1425 1927 spatium
1438 1861 1592 1915 infra
1606 1861 1877 1916 octavam
1889 1861 2182 1927 sphaeram
2195 1864 2438 1919 circum-

241 1933 439 1986 eundo
455 1933 755 1998 impleant,
772 1941 826 1986 et
841 1949 961 1998 qua
973 1936 1202 1986 ratione
1216 1934 1745 1999 retrogradationes
1761 1940 1815 1986 et
1828 1933 2099 1986 stationes
2115 1948 2322 1986 eorum
2335 1948 2439 1998 per

240 2004 394 2057 hanc
409 2007 591 2057 centri
606 2004 762 2057 orbis
778 2020 985 2057 eorum
997 2020 1133 2057 cum
1145 2004 1280 2058 Sole
1296 2008 1815 2058 concomitantiam
1828 2004 2143 2065 solvantur,
2159 2004 2438 2069 quodque

240 2075 482 2142 epicycli
501 2082 767 2129 veterum
786 2092 890 2141 per
909 2076 1180 2129 accidens
1197 2075 1346 2129 fiant
1360 2092 1392 2128 e
1406 2083 1573 2129 motu
1591 2076 1862 2129 videlicet
1881 2078 2062 2128 centri
2082 2075 2316 2128 orbium
2335 2091 2437 2128 an-

239 2163 380 2208 nu0,
407 2147 685 2212 quodque
705 2163 830 2200 non
850 2162 1001 2213 opus
1019 2147 1084 2200 fit
1101 2147 1348 2201 Terram
1370 2150 1614 2209 moveri,
1642 2154 1697 2200 et
1722 2147 2113 2199 nihilominus
2132 2142 2440 2215 Mar-utem
2466 2154 2563 2197 137r

239 2218 324 2270 illi
353 2221 518 2271 iuxta
545 2218 940 2283 vespertinum
969 2225 1241 2271 exortum
1268 2222 1607 2285 propiorem
1636 2218 1765 2271 fieri
1794 2234 1977 2284 quam
2005 2218 2194 2283 ipsum
2223 2217 2438 2278 Solem,

240 2290 400 2354 quod
418 2305 529 2342 nos
549 2289 747 2343 docuit
764 2290 1009 2356 diligens
1027 2293 1405 2356 experientia,
1426 2297 1490 2343 ut
1503 2294 1666 2355 prius
1678 2290 1952 2343 indicavi.
1974 2289 2251 2355 Reliquas
2265 2292 2438 2355 parti-

240 2360 558 2414 culariores
588 2361 1006 2427 inaequalitatis
1032 2365 1371 2427 apparentis
1396 2361 1772 2423 differentiaS,
1799 2377 1948 2426 quas
1973 2367 2198 2414 veteres
2221 2376 2325 2426 per
2351 2376 2438 2413 ec-

240 2435 524 2485 centricos
557 2439 611 2485 et
643 2440 949 2498 aequantes
981 2432 1346 2494 excusarunt,
1381 2433 1884 2486 COPERNICUS
1915 2448 2019 2499 per
2051 2435 2439 2485 eccentricum

239 2519 375 2556 cum
394 2519 579 2569 parvo
601 2504 877 2571 epicyc10,
898 2520 1010 2557 nos
1028 2507 1092 2557 in
1110 2504 1223 2557 hac
1243 2504 1549 2571 hypothesi
1561 2520 1666 2570 per
1679 2505 1829 2557 duos
1843 2503 2104 2557 circellos
2119 2506 2182 2556 in
2195 2506 2437 2556 circum·
2487 2516 2534 2552 30

238 2574 486 2628 ferentia
499 2575 733 2628 orbium
747 2576 1142 2638 Planetarum,
1164 2591 1315 2641 quos
1330 2575 1520 2642 ipsum
1535 2575 1708 2643 sydus
1728 2582 1885 2628 certa
1903 2575 2029 2641 lege
2049 2574 2316 2640 designet,
2338 2590 2437 2640 ap-

238 2646 415 2711 pofite
434 2647 747 2709 tuebimur,
775 2646 881 2700 nisi
900 2647 1061 2713 quod
1081 2650 1143 2700 in
1167 2652 1204 2707 Ω
1229 2653 1283 2700 et
1302 2647 1622 2713 praesertim
1649 2649 1682 2709 ἕ
1706 2647 1938 2712 aliquas
1963 2652 2250 2711 praeterea
2273 2662 2437 2712 gyra-

238 2720 428 2770 tiones
450 2718 924 2783 particulariores
947 2720 1227 2772 assumere
1248 2724 1529 2784 oporteat.
1557 2718 1768 2784 Sicque
1789 2733 1997 2770 omnes
2017 2720 2292 2770 circuitus
2311 2717 2437 2769 Pla-

238 2796 511 2842 netarum
540 2793 837 2843 concentri
866 2790 1118 2843 evadent
1145 2806 1270 2843 non
1298 2790 1482 2851 aliter,
1512 2805 1694 2855 quam
1722 2788 2223 2843 COPERNICUS
2249 2789 2437 2841 Lunae

240 2863 392 2913 circa
410 2860 657 2914 Terram
681 2861 1083 2914 revolutiones
1108 2864 1172 2914 in
1197 2864 1567 2914 concentrico
1594 2861 1734 2914 orbe
1758 2876 1894 2913 cum
1915 2859 2146 2912 duobus
2167 2859 2438 2926 epicyclis
2486 2874 2533 2909 ³5

239 2930 367 2983 fieri
387 2932 710 2985 admodum
733 2932 1029 2999 ingeniose
1050 2939 1106 2985 et
1125 2931 1276 2986 recte
1295 2932 1623 2999 speculatus
1650 2932 1740 2985 est.
1769 2932 1895 2984 Nec
1923 2933 2082 2983 enim
2107 2930 2436 2995 multopere

239 3002 313 3054 ab
337 3001 449 3054 hac
472 3002 749 3056 differunt
768 3006 946 3056 trium
964 3003 1333 3070 superiorum
1351 3003 1732 3057 Planetarum
1757 3010 1884 3055 tum
1909 3001 2283 3062 universaleS,
2310 3008 2438 3054 tum

241 3075 417 3125 etiam
437 3075 819 3137 particulares
840 3077 1129 3136 circuituS,
1150 3075 1257 3127 nisi
1277 3075 1437 3140 quod
1458 3082 1724 3128 centrum
1738 3074 1971 3126 orbium
1985 3073 2224 3144 illorum
2238 3072 2437 3126 Solem

240 3139 598 3212 annu-”atim
618 3149 1056 3207 concomitetur,
1076 3147 1237 3199 velut
1255 3146 1386 3199 haec
1404 3146 1584 3199 fufius
1604 3152 1660 3198 et
1679 3144 2016 3210 exquisitius
2036 3147 2099 3198 in
2119 3159 2296 3209 opere
2316 3143 2436 3205 illo,
2463 3152 2566 3195 B7v

240 3215 311 3266 de
333 3230 452 3279 quo
472 3215 609 3277 dixi,
630 3216 1053 3269 Astronomicae
1074 3217 1506 3271 instaurationis
1523 3217 1655 3282 ipfis
1671 3216 2071 3270 fundamentis
2085 3223 2140 3268 et
2154 3217 2322 3268 certis
2337 3215 2434 3268 ob·
2484 3229 2532 3265 ιο

239 3285 662 3339 servationibus
680 3293 807 3339 tum
825 3295 1092 3340 veterum
1114 3294 1240 3341 tum
1259 3291 1510 3354 proprijs
1532 3287 1787 3353 (favente
1808 3288 2009 3340 divino
2030 3286 2318 3350 Numine)
2339 3287 2434 3338 de-

239 3355 588 3418 monstrabO,
620 3358 962 3423 tabulasque
992 3366 1119 3411 tum
1152 3359 1477 3424 aequalium
1507 3366 1780 3412 motuum
1810 3365 1937 3411 tum
1969 3361 2147 3411 etiam
2177 3355 2435 3481 πρέσθα-

2109 3445 2251 3495 φαιρ
2285 3443 2437 3481 σεων
