2632 4022
98 1122 140 1156 10

98 1480 139 1514 15

94 1837 140 1872 20

94 2195 140 2229 25

95 2551 142 2587 30

188 318 492 372 TYCHO
520 318 642 370 AD
671 317 1155 370 HENRICUM
1182 309 1719 368 RANZOVIUM
1746 315 1809 367 21
1836 315 2027 368 DEC.
2057 315 2203 368 1588
2294 315 2400 367 389

187 461 447 514 ministro
474 477 511 514 a
535 477 631 514 me
659 460 997 513 abalienata
1023 466 1078 512 et
1103 459 1262 512 foras
1290 459 1596 511 eliminata
1621 458 1766 520 sunt,
1797 457 1945 510 mihi
1973 458 2306 518 indicanda,
2338 463 2402 509 ut

186 549 330 586 vero
350 535 646 585 inventori
665 532 1020 597 postliminio
1040 531 1427 584 restituantur.
1450 530 1717 595 Intelligo
1736 533 1897 582 enim
1916 529 2105 594 ipsum
2121 529 2308 582 statim
2328 544 2400 581 ex

189 604 367 658 URSI
387 604 543 656 istius
564 604 771 669 scripto
791 603 1128 668 perspexisse
1149 602 1321 662 hanc,
1350 617 1533 667 quam
1555 617 1663 666 pro
1684 601 1787 654 sua
1806 601 2083 661 venditat,
2110 604 2399 653 inventio-

188 692 328 728 nem
347 692 384 728 a
403 691 500 727 me
520 675 801 741 prodijsse‚
829 675 1114 739 liquidem
1134 680 1312 726 antea
1331 673 1407 726 ad
1427 679 1482 725 te
1502 673 1918 738 perscripserat,
1946 672 2048 724 fibi
2075 679 2211 725 ante
2237 672 2399 724 bien-

189 751 359 800 nium
391 763 428 800 a
459 746 704 812 fugitivo
738 746 1001 811 quodam
1032 761 1168 798 meo
1201 745 1460 797 ministro
1495 744 1652 797 hanc
1690 744 2039 811 hypothefin
2072 746 2399 796 communi-

188 825 381 872 catam
408 819 527 871 esse.
559 819 773 883 Neque
798 824 1001 870 tamen
1025 817 1158 869 satis
1184 817 1322 869 inde
1350 816 1621 881 colligere
1648 817 1884 881 possum,
1916 832 1996 868 an
2025 815 2185 867 hunc
2213 815 2401 880 ipsum

188 890 472 944 URSUM
496 896 672 950 notet,
699 896 916 954 putans
935 888 1083 941 forte
1103 888 1274 940 illum
1294 887 1620 952 aliquando
1641 887 1789 939 mihi
1809 887 2130 952 inservijsse,
2159 903 2239 938 an
2258 902 2400 938 vero

187 962 375 1015 alium
395 962 713 1026 quendam,
735 963 839 1025 qui
858 960 998 1012 hinc
1019 960 1173 1012 clam
1193 975 1225 1012 e
1245 974 1381 1011 mea
1402 960 1581 1011 domo
1603 959 1906 1019 decesserit‚
1935 958 2230 1010 existimet.
2258 958 2398 1009 Peto

187 1037 388 1098 itaque
408 1039 800 1098 peramanter,
822 1038 902 1093 ut,
925 1047 1107 1097 quam
1124 1034 1385 1096 primum
1402 1031 1571 1083 detur
1586 1030 1809 1083 occafio
1824 1029 1900 1083 ad
1915 1029 2085 1082 illum
2098 1029 2399 1090 scribendi,

188 1105 335 1158 velis
356 1104 654 1170 expiscari,
677 1103 947 1169 quisnam
965 1109 1020 1155 et
1037 1118 1157 1168 quo
1174 1105 1418 1155 nomine
1433 1102 1608 1154 fuerit
1620 1101 1898 1167 fugitivus
1912 1101 2028 1162 ille,
2050 1102 2121 1153 de
2138 1117 2257 1165 quo
2271 1100 2399 1152 scri-

187 1177 285 1238 bit,
306 1176 563 1228 minister
581 1191 769 1236 meuS,
791 1178 960 1228 cuius
975 1190 1158 1239 opera
1173 1173 1354 1226 huius
1368 1173 1760 1239 hypotheseos
1775 1173 2031 1225 formam
2045 1172 2293 1238 adeptus
2308 1172 2398 1224 est.

187 1250 448 1300 Averem
468 1250 629 1299 enim
648 1247 806 1308 scire,
828 1262 908 1299 an
927 1246 1024 1298 hic
1043 1245 1199 1310 ipsus
1218 1246 1394 1297 fuerit
1407 1244 1659 1298 URSUS
1673 1245 1769 1297 vel
1786 1245 1939 1297 alius
1957 1243 2268 1309 quispiam;
2292 1259 2399 1308 ego

189 1322 408 1372 etenim
422 1321 727 1371 neminem
739 1318 854 1370 scio
870 1333 943 1370 ex
958 1317 1235 1370 omnibus
1248 1316 1523 1376 studiofiS‚
1546 1319 1648 1381 qui
1665 1316 1814 1368 mihi
1831 1313 2116 1368 hactenus
2130 1318 2194 1367 in
2207 1315 2399 1366 Astro-

188 1394 438 1443 nomicis
465 1391 640 1443 rebus
668 1390 1071 1450 inservierunt,
1098 1404 1194 1440 me
1221 1388 1400 1440 inscio
1423 1388 1520 1440 vel
1545 1391 1731 1440 invito
1758 1387 1912 1439 clam
1938 1387 2077 1439 hinc
2104 1386 2398 1439 discessisse.

189 1464 317 1515 Nec
336 1462 469 1514 satis
490 1465 744 1527 cogitare
763 1462 1003 1526 possum,
1025 1460 1293 1525 quisnam
1315 1459 1414 1511 ille
1434 1459 1608 1511 fuerit
1627 1458 1924 1525 fugitivuS,
1946 1461 2113 1510 cuius
2127 1458 2304 1510 semel
2318 1464 2400 1510 at-

188 1550 303 1599 que
318 1537 533 1586 iterum
547 1531 1184 1586 ROLLENHAGIUS
1197 1534 1566 1583 mentionem
1579 1530 1731 1583 facit.
1754 1531 1908 1582 Eum
1922 1533 2121 1594 itaque
2135 1529 2176 1581 fi
2190 1532 2239 1581 is
2252 1529 2401 1581 mihi

187 1606 473 1666 indicarit,
494 1620 621 1657 rem
638 1610 972 1670 pergratam
985 1603 1199 1655 fecerit.
1215 1603 1404 1654 Video
1418 1602 1580 1654 hunc
1595 1601 2261 1654 ROLLENHAGIUM
2277 1616 2402 1652 non

186 1677 390 1730 saltem
410 1676 764 1729 excellenter
785 1675 1080 1728 eruditum
1102 1681 1156 1727 et
1176 1674 1396 1727 iudicio
1422 1676 1587 1739 gravi
1611 1673 2076 1739 praepollentem,
2103 1672 2199 1724 sed
2224 1674 2402 1724 etiam

187 1751 384 1801 virum
409 1751 702 1813 integrum
728 1754 783 1800 et
808 1747 1116 1813 syncerum
1139 1745 1548 1810 benevoleque
1569 1746 1640 1798 de
1662 1746 1918 1798 aliorum
1938 1744 2135 1809 studijs
2155 1744 2400 1796 sentien-

188 1826 329 1881 tem;
358 1835 542 1884 quare
568 1819 706 1872 data
732 1819 935 1884 aliqua
962 1817 1266 1870 occafione
1287 1833 1424 1869 cum
1450 1817 1553 1869 illo
1579 1832 1684 1882 per
1703 1817 1901 1869 literas
1922 1818 2244 1868 amicitiam
2265 1831 2399 1867 con-

187 1891 421 1944 trahere
441 1907 566 1943 non
586 1893 985 1951 intermittam,
1008 1890 1169 1955 quod
1188 1889 1230 1941 fi
1248 1891 1298 1941 is
1318 1891 1687 1954 praevenerit,
1710 1904 1782 1940 eo
1802 1888 1925 1953 ipso
1945 1887 2078 1939 satis
2100 1889 2399 1951 oportuni-

187 1966 321 2016 tatis
342 1965 449 2015 erit
469 1962 813 2015 exhibitum.
836 1962 950 2014 Sed
970 1961 1101 2014 haec
1120 1960 1408 2026 prolixius
1424 1976 1607 2024 quam
1620 1960 1918 2020 volebam;
1940 1965 2110 2011 tuum
2125 1961 2231 2010 erit
2244 1957 2401 2010 hanc

188 2037 686 2095 immorationem,
714 2049 898 2098 quam
922 2032 1068 2085 iusta
1094 2032 1358 2097 quaerela
1384 2031 1630 2092 extorsit,
1658 2031 1906 2084 candide
1926 2032 2310 2094 interpretari.
2339 2030 2400 2081 Si

189 2106 388 2159 literas
417 2122 454 2158 a
483 2104 740 2158 Doctore
769 2104 1135 2157 PEUCERO
1165 2103 1314 2155 mihi
1343 2103 1643 2167 inscriptas
1672 2104 1976 2167 receperiS‚
2010 2116 2169 2167 rog0‚
2203 2107 2267 2153 ut
2299 2116 2400 2152 eas

259 2180 529 2243 inprimis
543 2177 661 2229 huc
675 2179 903 2228 mittere
917 2191 1042 2228 non
1054 2177 1287 2242 gravari
1300 2174 1463 2227 velis,
1473 2174 1638 2234 Vale,
1653 2177 1743 2226 vir
1756 2173 2097 2226 nobilissime
2112 2178 2168 2224 et
2180 2188 2327 2237 prae-

332 2249 647 2308 clarissime,
675 2249 866 2312 deque
892 2247 1113 2300 artibus
1134 2247 1373 2299 eruditis
1399 2246 1550 2298 bene
1573 2248 1804 2306 mereri,
1831 2247 1918 2297 uti
1943 2244 2103 2305 facis,
2130 2244 2255 2296 tibi-

403 2336 519 2386 que
539 2319 652 2372 hac
672 2322 902 2372 ratione
922 2319 1164 2371 laudem
1183 2333 1495 2382 nunquam
1512 2319 2014 2369 intermorituram
2029 2331 2184 2367 com-

474 2407 686 2457 parare
707 2407 783 2443 ne
803 2393 1135 2443 intermitte.
1157 2390 1376 2442 Iterum
1394 2405 1576 2453 quam
1592 2388 1902 2441 felicissime
1919 2394 1973 2440 et
1987 2387 2112 2440 diu-

676 2464 874 2515 tissime
893 2465 1027 2514 vive
1047 2461 1315 2526 valeque.
1338 2461 1514 2513 Datae
1535 2459 1911 2525 Uraniburgi,

1019 2534 1113 2586 die
1134 2533 1191 2584 21
1211 2532 1574 2593 DecembriS,

1117 2605 1300 2656 Anno
1326 2603 1471 2657 1588.

1768 3455 2395 3510 ANNOTATIONES
