2644 4030
249 300 342 353 138
780 295 1222 349 EPISTOLAE
1248 294 1918 348 ASTRONOMICAE

251 440 476 493 dicium
499 436 787 505 designat.
808 438 1008 490 Postea
1027 436 1501 501 subiungebatur:
1526 436 1656 489 Sed
1672 438 1712 498 (ζ
1734 435 1910 488 iuxta
1931 434 2243 503 cuspidem
2259 450 2446 489 nonae

250 513 543 563 damnata
562 510 669 569 [1¹⁰
693 508 786 573 bffl'
798 511 863 562 et
879 512 997 568 Am
1011 506 1192 560 brevi
1214 512 1262 566 ἅ
1275 506 1330 541 ²1⁵
1342 521 1645 575 magnum
1660 506 1896 574 aliquid
1904 506 2059 559 mali
2068 504 2344 573 insinuat,
2360 506 2445 559 id-

251 596 368 648 que
389 578 575 646 causa
594 579 924 647 religionis
944 579 1019 631 ob
1038 592 1271 631 nonam
1293 578 1559 640 domum,
1579 577 1825 646 ingenii
1842 578 1917 631 ob
1946 581 1995 638 ][
2017 575 2260 646 signum
2281 578 2444 631 Mer-

249 651 501 713 curiale,
527 650 815 703 mulieris
841 649 1110 702 alicuius
1134 646 1385 714 illustris
1411 649 1488 701 ob
1514 652 1555 711 <(
1583 647 1795 716 ipsam,
1827 662 1969 715 quae
1995 648 2184 702 etiam
2210 645 2445 714 illustri-

250 723 461 776 oribus
477 721 623 774 fixis
632 719 747 787 sed
756 720 948 774 nimis
964 720 1259 773 violentis
1274 722 1614 787 copulatur.
1637 720 1869 772 Deinde
1884 720 1956 772 de
1971 722 2301 784 captivitate
2315 719 2445 773 haec
2495 737 2517 771 ⁵

246 794 427 846 verba
452 793 885 857 adscripseram:
923 796 971 851 d*
1009 790 1299 844 dominus
1319 789 1573 858 septimi
1599 790 1725 844 loci
1756 790 1822 844 in
1858 790 2223 845 duodecima
2257 790 2446 858 inque

239 864 354 931 suo
384 863 755 917 detrimento
784 860 1161 927 constitutus,
1196 865 1260 916 et
1285 860 1542 930 insuper
1559 877 1683 929 per
1707 860 2031 928 antisciam
2054 864 2304 929 partem
2334 861 2442 915 Sa-

249 935 419 989 turni
440 933 644 1001 laesuS,
675 948 998 987 carcerem
1019 935 1123 987 vel
1141 933 1398 986 exilium
1420 933 1778 986 diuturnum
1791 932 2114 1002 significat,
2142 935 2206 987 et
2225 932 2370 1000 quia
2388 937 2436 992 ὅ

248 1008 506 1059 damnat
524 1008 606 1067 ἔξω
612 1021 736 1073 per
750 1009 808 1066 Ι]
828 1020 864 1058 e
880 1004 1259 1067 duodecima,
1274 1003 1341 1056 id
1352 1003 1566 1057 damni
1578 1002 1893 1070 occasione
1905 1003 2152 1072 ingenij
2162 1001 2446 1069 etstuclio-

246 1092 387 1131 rum
403 1079 669 1139 denotat,
677 1075 792 1143 sed
803 1091 947 1130 cum
962 1078 1002 1139 (ζ
1022 1072 1426 1144 ᾱί-ΙΙτεόΗοῃίε
1441 1075 1546 1128 via
1553 1075 1924 1143 pervenerit
1935 1077 2018 1128 acl
2029 1085 2088 1130 >4
2106 1081 2154 1135 ὀ·
2165 1075 2206 1110 1⁵
2217 1075 2284 1127 in
2304 1076 2368 1127 14
2385 1077 2439 1137 Ω
2468 1083 2575 1139 va

245 1149 311 1201 in
332 1150 416 1201 M.
432 1148 507 1211 C„
523 1163 647 1215 per
660 1150 926 1201 mortem
949 1148 1056 1201 vel
1073 1146 1433 1200 Martialem
1455 1146 1726 1214 aliquem
1746 1146 2064 1200 hominem
2083 1145 2452 1200 liberabitur

248 1223 313 1273 et
328 1217 682 1285 restituetur
698 1219 765 1271 in
787 1219 1122 1286 integrum,
1150 1218 1337 1285 idque
1358 1217 1532 1271 iuxta
1553 1217 1764 1271 aetatis
1784 1232 2019 1271 annum
2041 1219 2125 1271 60.
2153 1218 2446 1271 Subiunx-

248 1307 411 1344 eram
436 1291 693 1356 insuper:
722 1292 922 1344 cauda
947 1288 1264 1342 Draconis
1288 1289 1354 1342 in
1382 1290 1467 1342 M.
1495 1289 1554 1342 C.
1581 1289 1757 1342 iuxta
1783 1289 2065 1342 Arabum
2084 1288 2323 1356 placita
2349 1289 2447 1342 de-

237 1360 572 1430 jectionem
593 1362 670 1414 ab
688 1361 1033 1415 bonoribus
1054 1364 1118 1415 et
1137 1360 1547 1428 dignitatibus
1568 1361 1835 1423 denotat,
1850 1358 2202 1427 praesertim
2221 1374 2363 1414 cum
2376 1357 2451 1426 sit

246 1434 312 1485 in
325 1432 501 1501 signo
517 1432 740 1495 Solari,
761 1434 881 1486 boc
901 1430 1194 1498 existente
1213 1430 1496 1499 depresso,
1519 1435 1584 1485 et
1599 1433 1793 1485 nullae
1812 1431 2114 1485 beneficae
2125 1429 2320 1497 stellae
2331 1429 2451 1497 sint
2500 1446 2543 1482 1⁵

246 1505 312 1557 in
337 1504 606 1572 anguliS,
627 1503 743 1570 sed
765 1504 968 1556 ambae
991 1504 1307 1557 cadentes,
1335 1504 1503 1565 Haec,
1530 1507 1795 1568 inquam,
1822 1510 1960 1556 tunc
1985 1507 2266 1568 temporis
2291 1502 2447 1555 infra

247 1576 498 1641 figuram
519 1576 808 1628 coelestem
827 1582 946 1628 tuae
966 1578 1287 1627 nativitatis
1307 1577 1677 1636 annotatam,
1706 1591 1841 1639 quae
1862 1591 1987 1627 non
2007 1575 2082 1627 ob
2101 1575 2161 1627 id
2181 1590 2341 1627 nunc
2361 1589 2448 1626 re-

246 1648 389 1708 fero,
417 1648 576 1712 quod
601 1654 720 1699 tuae
747 1647 991 1698 diutinae
1018 1646 1366 1699 calamitatis
1394 1646 1596 1699 causas
1615 1648 1679 1697 in
1697 1646 1820 1699 sola
1840 1646 1988 1698 astra
2009 1649 2249 1711 reijcere
2268 1645 2449 1698 velim

247 1721 500 1770 nimium
528 1718 839 1770 tribuendo
871 1718 963 1770 his
992 1717 1363 1783 Astrologicis
1394 1718 1866 1777 indicationibuS‚
1898 1717 1994 1770 sed
2021 1717 2224 1770 saltem
2251 1723 2316 1769 ut
2343 1715 2449 1769 tibi

249 1790 433 1841 obiter
466 1789 864 1854 significarem,
903 1789 1045 1854 quid
1077 1788 1221 1840 olim
1252 1789 1364 1841 hac
1397 1789 1468 1841 de
1500 1804 1579 1849 re,
1617 1804 1753 1841 cum
1784 1788 1938 1841 hisce
1969 1787 2447 1854 praedidtionibus
2497 1803 2544 1838 20

246 1861 562 1925 impensius
578 1876 912 1925 occuparer,
929 1860 1143 1912 chartis
1157 1860 1510 1912 mandarim.
1533 1860 1682 1921 Sci0‚
1698 1867 1989 1924 quantum
2003 1859 2449 1912 concedendum

246 1932 309 1983 fit
338 1931 709 1996 Astrologicis
739 1930 1102 1992 coniecturis
1133 1947 1241 1983 nec
1271 1946 1372 1983 eas
1399 1931 1724 1995 plurimum
1751 1931 2012 1996 suspicio,
2044 1946 2239 1996 neque
2269 1933 2449 1983 etiam

246 2006 500 2054 nimium
520 2009 852 2063 contemn0‚
879 2005 941 2054 in
968 2018 1224 2067 quorum
1245 2009 1495 2067 utroque
1517 2018 1554 2054 a
1572 2001 1860 2067 plerisque
1881 2005 2060 2055 etiam
2080 1998 2101 2071 ΙΙ
2122 2002 2447 2054 eruditiori·
2474 2009 2573 2053 C2r

246 2075 355 2126 bus
375 2080 663 2139 peccatur.
691 2073 752 2126 Si
773 2076 1142 2126 contineatur
1162 2073 1292 2126 haec
1312 2088 1408 2125 ars
1431 2076 1586 2125 intra
1609 2073 1742 2126 suas
1767 2080 1972 2134 metaS‚
2000 2073 2448 2139 significationes

247 2145 529 2210 quasdam
554 2145 823 2211 Phyficas
851 2161 976 2197 non
1004 2147 1233 2210 ineptas
1262 2161 1457 2210 neque
1483 2147 1688 2209 utique
1713 2144 1956 2197 frivolas
1982 2151 2036 2197 et
2063 2147 2299 2210 cognitu
2324 2160 2449 2197 non
2497 2160 2544 2195 25

245 2216 482 2268 inutiles
502 2217 842 2282 suppeditat.
865 2217 1013 2269 Sunt
1031 2222 1234 2268 tamen
1252 2216 1526 2281 plurimae
1543 2216 1680 2268 aliae
1698 2223 2022 2269 eventuum
2035 2222 2448 2269 concurrentes

247 2288 452 2348 causae,
475 2304 547 2339 ex
567 2288 859 2340 inferioris
878 2288 1088 2340 mundi
1109 2294 1163 2340 et
1182 2290 1270 2353 ijs,
1293 2303 1428 2352 quae
1448 2290 1512 2339 in
1531 2286 1646 2340 hoc
1664 2287 2021 2340 tumultuose
2037 2294 2334 2353 geruntur,
2355 2303 2448 2339 oc-

247 2359 573 2411 cafionibus
592 2362 1029 2424 provenientes;
1050 2359 1223 2423 supra
1243 2361 1449 2411 omnia
1461 2375 1604 2411 vero
1619 2359 1786 2411 Deus
1806 2359 1923 2423 ipse
1943 2359 2159 2416 author
2179 2358 2448 2419 univerfi,

245 2437 531 2495 tanquam
563 2434 756 2495 prima
785 2437 840 2482 et
868 2430 1215 2482 universalis
1247 2430 1436 2491 causa,
1469 2430 1765 2483 liberrime
1797 2432 1930 2496 agit,
1962 2429 2448 2495 secundariasque

247 2502 448 2554 causas
469 2502 583 2553 five
603 2502 915 2567 superioris
934 2502 1049 2553 five
1070 2501 1364 2553 inferioris
1383 2502 1592 2554 mundi
1611 2517 1720 2566 pro
1738 2501 1843 2554 suo
1864 2501 2104 2554 arbitrio
2125 2501 2373 2566 disponit
2393 2507 2448 2554 et
2497 2516 2544 2551 30

245 2574 600 2625 moderatur.
621 2574 847 2625 Verum
871 2572 1002 2625 haec
1027 2572 1232 2626 frustra
1257 2573 1361 2625 tibi
1388 2588 1459 2625 ea
1483 2573 1618 2625 satis
1642 2573 1930 2638 superque
1955 2572 2299 2638 intelligenti
2325 2572 2447 2638 sug-

246 2660 399 2709 ger0.
422 2645 600 2696 Nunc
621 2645 694 2697 ab
715 2644 1086 2709 Astrologicis
1106 2644 1182 2696 ad
1203 2644 1612 2696 Astronomica
1630 2651 1905 2697 revertar.

317 2716 532 2767 Habeo
550 2718 613 2767 in
629 2722 905 2780 promptu
919 2716 988 2767 24
1003 2731 1301 2768 annorum
1316 2715 1750 2768 observationes
1763 2715 2050 2781 syderum,
2069 2730 2324 2780 quarum
2342 2729 2446 2775 eae,

247 2803 381 2851 quae
403 2787 459 2838 12
478 2787 890 2851 posterioribus
910 2789 973 2838 in
993 2786 1106 2839 hac
1126 2786 1316 2839 insula
1335 2787 1528 2839 nostra
1549 2793 1804 2852 acceptae
1826 2786 1972 2847 sunt,
2000 2786 2325 2838 admodum
2351 2801 2447 2838 ex-

246 2855 371 2909 adte
396 2858 452 2909 se
479 2858 714 2918 habent,
743 2858 1051 2923 postquam
1079 2858 1462 2910 instrumenta
1488 2861 1706 2910 eximia
1733 2864 1788 2909 et
1813 2857 2036 2910 affabre
2064 2855 2325 2910 extrutsta
2349 2856 2447 2908 hic
2496 2872 2543 2907 3⁵

246 2931 509 2980 maximo
530 2929 732 2981 labore
753 2936 808 2981 et
827 2929 1056 2994 sumpto
1078 2929 1322 2981 confieri
1342 2932 1561 2990 curavi,
1584 2945 1719 2994 quae
1740 2929 1861 2981 dixi
1879 2929 2053 2993 supra
2071 2944 2168 2980 me
2185 2927 2449 2980 absoluta

246 2999 503 3063 plurima
531 2999 766 3062 habere,
796 3000 1044 3065 suntque
1071 2995 1092 3069 ΙΙ
1118 3006 1282 3053 tanta
1308 2999 1818 3065 circumspectione
1846 3006 1902 3052 et
1927 2999 2226 3065 diligentia
2252 2999 2446 3052 elabo-
2474 3007 2578 3050 02v

247 3077 390 3131 rata,
417 3077 496 3130 ut,
526 3071 967 3136 quibuscunque
987 3072 1203 3137 syderis
1224 3072 1474 3124 alicuius
1494 3087 1703 3124 verum
1723 3071 1892 3123 situm
1912 3071 2142 3123 coelitus
2167 3070 2447 3136 indagare

246 3140 495 3201 libuerit,
511 3144 573 3192 in
588 3142 744 3193 idem
757 3143 990 3206 prorsus
1004 3146 1318 3203 minutum,
1338 3143 1558 3195 etiamfi
1573 3142 1956 3195 diversimode
1971 3141 2288 3207 compofita
2301 3141 2447 3202 sunt,

249 3218 303 3263 et
322 3212 396 3263 ab
415 3211 547 3277 alijs
564 3219 740 3277 atque
761 3214 892 3278 alijs
913 3214 1379 3266 observatoribus
1400 3213 1829 3266 animadverfio
1849 3213 1968 3275 fiat,
1989 3214 2265 3274 recidant,
2287 3212 2447 3278 quod
2495 3228 2543 3264 40

246 3282 661 3334 machinarum
676 3284 1000 3336 absolutam
1013 3284 1354 3338 strudturam
1366 3292 1421 3337 et
1433 3285 1778 3350 exquisitam
1793 3284 2136 3337 divisionem
2150 3284 2448 3336 evidenter

246 3354 475 3418 probat;
497 3360 561 3405 ut
575 3354 649 3406 ob
664 3354 723 3406 id
737 3355 870 3407 satis
886 3362 1075 3408 certus
1089 3356 1209 3418 fim,
1229 3356 1380 3408 nihil
1393 3359 1514 3422 vitij
1537 3359 1599 3408 in
1612 3359 1760 3408 meis
1775 3355 2277 3408 observationibus
2293 3354 2446 3407 hisce

2054 3426 2446 3478 instrumentis
