2632 4022
122 462 170 505 1¹·

728 291 1422 346 ANNOTATIONES
1449 293 1918 347 EDITORUM
2321 297 2424 349 395

930 437 1253 500 AUTOR
1294 439 1709 501 LECTORI.

221 538 788 649 SUBIUNCTURUS
817 539 903 583 hic
936 540 1048 583 sum
1077 539 1272 593 literas,
1305 552 1426 595 quae
1456 541 1743 585 Clarissimo
1773 545 1825 585 et
1853 542 2278 587 excellentissimo
2307 543 2423 588 viro

325 598 557 642 Domino
578 599 641 642 D.
655 598 927 643 Thaddaeo
949 599 1186 654 Hagecio
1208 600 1275 643 ab
1299 599 1461 654 Hayk
1480 603 1532 643 et
1551 600 1682 643 mihi
1702 602 1768 645 de
1789 602 1858 644 Re
1877 601 2246 646 Astronomica
2271 602 2424 647 inter-

215 657 486 709 cesserunt,
516 660 776 712 quotquot
802 670 990 701 earum
1015 658 1151 702 inter
1174 670 1326 702 meas
1352 659 1569 703 chartas
1594 660 1831 704 invenire
1855 660 2014 704 licuit.
2045 662 2119 704 Ex
2145 674 2250 716 quo
2279 663 2420 706 enim

214 728 340 760 cum
352 717 441 760 illo
456 717 588 768 viro,
603 717 657 760 in
670 716 934 761 Elecstione
948 721 999 761 et
1013 718 1361 762 coronatione
1368 719 1711 774 Augustissimi
1725 720 2068 775 Imperatoris
2083 721 2342 776 Rudolphi
2356 722 2418 766 II.

214 776 509 820 Ratisbonae
537 778 603 819 Α0
636 777 749 819 1575
781 777 1067 830 celebrata,
1106 781 1412 833 pergratam
1441 782 1492 822 et
1524 779 1850 823 constantem
1885 783 2261 824 contraxeram
2295 782 2422 825 ami-

213 835 415 880 citiam:
444 836 519 879 uti
545 836 616 880 est
642 847 749 879 non
770 837 952 880 saltem
974 837 1042 880 ob
1065 835 1319 881 doctrinae
1341 838 1608 892 singularis
1634 839 2109 893 praeeminentiam,
2137 840 2224 884 sed
2250 844 2303 884 et
2322 841 2421 884 vir-

211 895 335 939 tutis
356 907 420 939 ac
440 895 766 951 integritatis,
794 907 1115 951 morumque
1140 896 1473 952 ingenuitatis
1494 898 1639 941 omni
1658 901 1773 941 tam
1795 910 1996 951 amore,
2025 911 2188 954 quam
2215 900 2420 944 honore

212 954 544 1010 dignissimus‚
570 956 814 1007 eandem,
838 968 1001 1010 quam
1021 956 1181 999 semel
1201 956 1273 999 ibi
1291 956 1521 1000 iucunde
1541 957 1803 1010 inivimus,
1832 958 2246 1002 familiaritatem
2266 960 2420 1014 pluri-

210 1014 311 1057 mis
332 1014 664 1069 sequentibus
686 1015 836 1058 annis
858 1015 1053 1058 sartam
1072 1014 1268 1059 tecstam
1284 1016 1648 1061 conservando
1665 1018 2109 1071 continuavimus,
2131 1018 2420 1064 disiunctio-

210 1085 333 1117 nem
361 1086 650 1129 corporum
676 1075 780 1118 hac
806 1075 1028 1127 ratione,
1060 1087 1186 1118 cum
1213 1075 1364 1120 aliter
1387 1076 1503 1119 fieri
1528 1077 1783 1131 nequiret,
1814 1078 2232 1132 compensantes.
2264 1079 2419 1123 Ante-

210 1145 373 1187 quam
393 1145 523 1178 vero
550 1133 728 1178 literas
753 1135 889 1178 inter
913 1134 1082 1189 ipsum
1102 1138 1155 1178 et
1173 1146 1276 1187 me,
1307 1135 1512 1190 quoties
1536 1136 1766 1179 dabatur
1785 1138 2009 1188 occasio,
2039 1141 2415 1191 commutatas,

209 1205 331 1247 quae
358 1193 423 1236 de
448 1204 590 1237 nova
615 1193 753 1237 stella
772 1195 837 1236 Αο
863 1194 975 1237 1572
995 1197 1182 1239 exorta
1202 1197 1254 1238 et
1274 1195 1702 1250 subsequentibus
1726 1196 1927 1250 aliquot
1947 1196 2177 1240 Cometis
2204 1197 2417 1253 alijsque

206 1252 574 1297 Astronomica
602 1254 1043 1297 concernentibus
1065 1253 1272 1297 affatim
1297 1253 1541 1307 tractant,
1568 1255 1876 1307 exhibuero,
1904 1267 2013 1299 non
2038 1256 2416 1301 inconveniens

207 1312 348 1364 duxi,
372 1313 629 1367 quasdam
648 1313 973 1368 praemittere
989 1314 1056 1356 ab
1073 1314 1507 1357 Excellentissimo
1524 1314 1882 1369 Hispanorum
1897 1315 2281 1360 Mathematico
2298 1316 2416 1360 Hie-

206 1383 436 1426 ronymo
459 1372 698 1416 Munosio
721 1373 790 1416 ad
808 1372 1060 1427 insignem
1080 1373 1313 1416 eiusdem
1330 1373 1559 1417 scientiae
1579 1374 1922 1428 professorem
1930 1374 2279 1418 Viennensem
2295 1376 2415 1420 Bar-

204 1431 558 1475 tholomaeum
585 1432 970 1484 Reisacherum,
1002 1433 1068 1475 de
1095 1432 1251 1476 huius
1277 1433 1677 1487 praestantissimi
1700 1434 1957 1477 Thaddaei
1981 1434 2244 1478 nonnullis
2270 1435 2414 1479 circa

205 1502 405 1534 novam
424 1491 569 1534 illam
590 1491 790 1535 stellam
813 1491 1019 1546 placitis
1046 1492 1279 1546 scriptas,
1301 1505 1409 1535 una
1429 1504 1554 1535 cum
1574 1493 1730 1547 ipsius
1748 1493 2006 1537 Thaddaei
2025 1494 2094 1537 ad
2115 1495 2413 1538 Munosium

203 1549 308 1594 hoc
328 1551 545 1594 nomine
564 1551 811 1606 responso
831 1555 884 1595 et
902 1550 1057 1594 huius
1077 1551 1294 1595 vicissim
1316 1552 1384 1595 ad
1404 1551 1569 1604 illum,
1597 1555 1756 1607 prout
1775 1564 1867 1596 eas
1888 1554 2120 1608 optimus
2142 1554 2227 1597 ille
2246 1554 2414 1598 Thad-

204 1610 354 1653 daeus
381 1621 596 1653 mecum
623 1610 1057 1663 communicavit,
1086 1611 1300 1665 quando
1327 1610 1583 1666 praedid’to
1613 1624 1753 1656 anno
1780 1615 1833 1655 et
1857 1613 1978 1656 loco
2006 1613 2155 1656 simul
2182 1625 2410 1658 eramus.

204 1670 336 1713 Cum
351 1670 494 1713 enim
506 1670 594 1713 hae
609 1670 839 1725 epistolae
852 1673 965 1713 tam
980 1671 1046 1714 de
1060 1682 1202 1714 nova
1217 1671 1375 1724 stella,
1393 1671 1541 1715 cuius
1555 1683 1654 1715 nos
1668 1673 1994 1715 luculentam
2009 1673 2412 1728 descriptionem

202 1729 375 1783 primo
386 1730 555 1774 Tomo
567 1730 1096 1785 Progymnasmatum
1106 1730 1597 1774 Astronomicorum
1610 1731 1870 1784 dedimus,
1887 1731 2041 1776 docte
2053 1735 2226 1787 agant,
2242 1735 2295 1777 et
2309 1733 2412 1777 alia

202 1788 364 1832 etiam
379 1789 448 1832 ad
461 1790 732 1845 negotium
747 1789 1162 1834 astronomicum
1177 1789 1463 1845 spectantia
1476 1789 1614 1834 led’tu
1626 1802 1735 1835 non
1748 1791 1960 1847 indigna
1974 1792 2300 1836 contineant:
2323 1804 2411 1836 me

201 1860 309 1892 non
329 1848 462 1892 citra
481 1861 598 1893 rem
618 1848 884 1893 facturum
905 1849 1148 1902 arbitror,
1171 1853 1224 1893 et
1242 1850 1437 1893 harum
1454 1862 1634 1894 rerum
1652 1850 1855 1905 cupidis
1876 1854 2085 1906 gratum
2102 1851 2156 1894 id
2171 1851 2409 1896 futurum

135 1921 156 1939 v
199 1907 368 1962 spero,
389 1920 488 1952 nec
502 1908 593 1963 ipsi
607 1909 840 1952 Domino
853 1909 1126 1953 Thaddaeo
1141 1907 1577 1968 dis-sspliciturum,
1595 1911 1738 1964 quod
1753 1922 1845 1954 eas
1858 1910 1944 1954 hic
1961 1922 2174 1966 appono
2190 1912 2411 1955 caeteris-

201 1979 303 2022 que
328 1979 661 2023 praeponam,
690 1980 814 2012 cum
838 1971 890 2012 et
910 1971 1169 2023 tempore,
1199 1980 1304 2023 quo
1328 1969 1523 2013 emissae
1547 1970 1676 2022 sunt,
1703 1969 1907 2024 priores
1928 1970 2161 2014 existant.
2188 1971 2410 2015 Accedit

199 2030 251 2070 et
270 2027 391 2080 hoc,
419 2029 563 2082 quod
588 2027 640 2070 in
667 2028 840 2082 primo
861 2028 1036 2072 nostro
1056 2028 1224 2072 Tomo
1244 2029 1523 2083 Progymn.
1547 2029 1736 2073 astron.
1760 2029 1903 2073 circa
1922 2030 2085 2073 finem
2106 2042 2223 2085 cap.
2246 2030 2289 2083 8,
2317 2031 2407 2075 ubi

197 2086 251 2129 in
270 2087 425 2130 huius
446 2087 627 2131 clariss.
646 2087 865 2144 Munofij
889 2088 955 2131 de
975 2088 1167 2131 eadem
1187 2088 1327 2131 stella
1350 2088 1727 2143 conceptiones
1748 2088 1991 2143 disquiro,
2012 2089 2206 2133 harum
2229 2090 2408 2145 episto-

196 2147 372 2190 larum
387 2147 713 2191 mentionem
729 2147 928 2191 faciam
942 2150 995 2191 et
1006 2148 1259 2191 nonnulla
1274 2159 1340 2191 ex
1353 2148 1415 2203 ijs
1427 2148 1750 2192 verbotenus
1765 2147 1924 2191 citem
1940 2152 2098 2203 atque
2115 2149 2404 2204 proferam,

198 2217 363 2260 quare
383 2207 781 2250 convenientius
802 2210 931 2260 erat,
953 2210 1011 2250 ut
1031 2219 1138 2259 eas,
1161 2207 1416 2262 liquidem
1432 2207 1578 2251 isthic
1597 2208 1723 2251 data
1739 2219 1903 2262 opera
1918 2208 1986 2251 ob
2001 2208 2055 2251 id
2070 2209 2295 2261 omissas‚
2316 2209 2403 2253 hic

196 2266 542 2320 publicarem.
571 2266 897 2322 Subiungam
916 2278 1047 2310 vero
1072 2266 1253 2321 postea
1273 2267 1523 2310 brevibus
1542 2279 1723 2311 meam
1744 2267 1810 2310 de
1831 2268 2121 2312 earundem
2142 2269 2404 2313 contentis

198 2325 522 2378 sententiam,
551 2326 805 2380 siquidem
830 2326 935 2370 hoc
958 2338 1057 2370 nec
1083 2326 1175 2381 ipsi
1196 2327 1295 2370 Dn.
1316 2326 1606 2379 Thaddaeo,
1634 2338 1732 2371 nec
1754 2327 1853 2370 Dn.
1878 2327 2134 2380 Munofio,
2163 2328 2199 2371 si
2227 2328 2402 2372 adhuc

194 2383 249 2427 in
267 2385 401 2429 vivis
421 2385 507 2438 est,
529 2385 793 2441 ingratum
813 2385 928 2430 fore
949 2386 1237 2430 confidam.

345 2539 677 2592 SEQUITUR
705 2540 1120 2584 DESCRIPTUM
1149 2540 1234 2583 EX
1261 2541 1510 2584 LITERIS
1539 2540 1926 2584 HIERONYMI
1954 2541 2249 2594 MUNOSIJ

517 2611 802 2665 HISPANI,
833 2612 1322 2664 MATHEMATICI,
1350 2612 1443 2654 AD
1472 2612 2078 2656 BARTHOLOMAEUM

819 2683 1290 2726 REISACHERUM
1318 2683 1772 2727 VIENNENSEM.

348 2765 499 2809 ITTO
525 2766 760 2809 libellum
787 2767 853 2809 de
879 2777 1022 2810 novo
1044 2766 1266 2810 Cometa
1291 2767 1651 2810 emendatum.
1682 2766 1820 2809 Nam
1848 2767 1916 2810 ob
1942 2767 2303 2822 importunam
2328 2768 2398 2811 ef-

363 2825 745 2880 flagitationem
759 2826 848 2869 vix
862 2826 1027 2880 spatio
1042 2825 1100 2869 26
1114 2825 1321 2869 dierum
1336 2826 1658 2880 compositus
1674 2828 1725 2868 et
1739 2826 1909 2869 editus
1923 2826 2008 2870 est.
2032 2827 2155 2881 Cap.
2172 2826 2221 2869 3⁰
2238 2827 2398 2870 habe-

189 2886 290 2936 tur,
313 2883 397 2927 die
421 2885 474 2927 17
495 2885 749 2928 Decemb.
773 2897 898 2929 cum
918 2885 1040 2929 esset
1064 2891 1109 2936 Θ
1135 2885 1188 2928 in
1213 2885 1260 2927 1⁰
1279 2885 1360 2928 28⁶
1388 2890 1422 2937 z
1438 2918 1448 2937 ,
1478 2897 1583 2939 quo
1608 2888 1851 2940 tempore
1877 2889 1992 2929 erat
2017 2886 2153 2929 hora
2172 2887 2200 2928 5
2222 2886 2292 2929 Μ.
2315 2886 2393 2929 58:

189 2954 287 2997 pro
298 2943 356 2986 38
370 2944 654 2998 posuerunt
665 2944 742 2987 58:
759 2944 812 2987 in
827 2945 940 3001 alijs
954 2944 1214 2999 capitibus
1230 2945 1408 2999 aliqua
1422 2945 1796 2996 desiderantur,
1814 2957 1935 2999 quae
1950 2945 2130 2988 addita
2144 2945 2393 3003 invenies.

189 3003 295 3057 Ego
314 3002 368 3045 in
388 3014 452 3046 ea
473 3003 679 3058 semper
696 3003 772 3046 fui
793 3004 1059 3055 sententia,
1080 3007 1139 3047 ut
1157 3004 1210 3047 in
1229 3004 1389 3047 rebus
1410 3016 1530 3058 quae
1551 3004 1900 3047 demonstrari
1917 3005 2137 3059 possunt,
2158 3004 2287 3048 nulli
2306 3006 2395 3048 du-

190 3073 312 3104 cam
333 3062 676 3114 credendum,
698 3075 869 3117 neque
882 3064 1174 3107 Ptolomaeo
1189 3075 1360 3117 neque
1375 3064 1494 3118 Regi
1510 3064 1775 3118 Alphonso
1796 3075 1966 3118 neque
1984 3064 2207 3107 Iohanni
2220 3064 2395 3119 Regio-

189 3124 463 3173 montano,
495 3133 654 3176 quem
682 3122 813 3166 nosti
840 3123 993 3177 longe
1022 3123 1327 3177 peritiorem
1357 3123 1579 3166 Nicolao
1607 3123 1898 3177 Copernico
1929 3126 1980 3166 et
2007 3123 2224 3167 Erasmo
2252 3124 2394 3167 Rein-

187 3180 367 3224 holdo.
397 3181 580 3235 Itaque
601 3180 800 3224 factum
821 3181 907 3234 est,
931 3185 990 3224 ut
1007 3182 1061 3224 in
1080 3181 1374 3237 colligenda
1394 3182 1714 3237 longitudine
1734 3185 1785 3225 et
1804 3181 2004 3225 latitud.
2028 3183 2265 3226 Cometae
2285 3194 2393 3226 non

187 3239 380 3282 fuerim
405 3241 526 3284 usus
551 3240 960 3296 longitudinibus
984 3241 1145 3284 trium
1170 3241 1539 3295 principalium
1568 3241 1831 3284 stellarum
1855 3241 2027 3285 tertiae
2048 3254 2221 3297 magn.
2245 3242 2392 3286 Cassi-

189 3298 375 3353 opeiae,
397 3310 569 3354 neque
589 3300 750 3343 etiam
770 3300 1091 3355 longitudine
1109 3300 1410 3343 undecimae
1430 3300 1605 3352 stellae,
1628 3301 1713 3344 cui
1726 3301 2001 3355 proximus
2016 3305 2131 3345 erat
2145 3302 2387 3353 Cometa3

188 3357 310 3412 quia
326 3358 614 3402 secundum
630 3359 1054 3403 observationem
1068 3371 1249 3403 meam
1267 3358 1466 3402 factam
1481 3360 1544 3402 A0
1561 3360 1673 3403 1570
1688 3361 1971 3415 completo,
1992 3373 2096 3415 quo
2113 3361 2390 3404 observavi

329 3442 398 3477 5ο*
