2644 4030
83 1019 170 1064 34v

105 1099 148 1134 10

105 1454 148 1490 15

101 1811 148 1846 20

119 1869 147 1913 ’1-

101 2168 148 2203 25

101 2524 148 2560 30

102 2881 149 2916 35

34 3254 50 3263 -
103 3236 151 3271 40

87 3371 169 3415 35*

231 297 535 353 TYCHO
557 297 678 352 AD
704 296 1248 352 THADDAEUM
1275 296 1761 353 HAGECIUM
1786 297 1820 353 3
1846 298 2047 354 AUG.
2075 298 2221 353 1590
2292 298 2397 354 265

195 441 495 502 submittis,
516 458 584 495 ac
604 441 865 507 plurium
880 441 1266 494 Cometarum
1279 441 1585 507 testimonij
1591 457 1618 494 s
1633 441 1972 495 confirmari
1986 445 2165 507 cupis.
2188 442 2343 496 Sane
2357 442 2399 495 fi

196 513 453 566 aliorum
472 515 706 573 iudicia,
727 521 856 565 utut
873 513 1218 566 eruditionis
1235 513 1411 566 laude
1430 513 1845 578 praestantium,
1868 512 2154 579 expectas,
2171 529 2396 575 vereor,

195 600 272 637 ne
298 587 474 637 nimis
500 585 603 637 diu
627 584 950 649 frustraque
969 587 1276 637 veritatem
1300 587 1364 637 in
1388 584 1725 637 abscondito
1750 585 2031 638 latentem
2057 601 2308 651 quaeraS,
2335 588 2398 637 in

195 663 360 708 tanta
383 655 739 708 iudiciorum
764 659 1046 708 varietate
1074 664 1128 708 et
1152 659 1491 720 pertinacia,
1518 671 1594 709 ne
1620 656 1814 709 dicam
1839 656 2224 722 perversitate,
2255 657 2398 710 dum

196 742 375 779 nemo
395 726 579 779 ferme
601 727 906 791 quidpiam
925 729 1196 792 ignorare
1216 727 1357 788 vult,
1383 735 1437 779 et
1458 727 1700 792 quilibet
1718 727 1822 780 suo
1843 728 2102 780 abundet
2121 727 2302 781 sensu.
2331 729 2398 780 In

196 797 438 862 reliquis
468 797 748 857 Cometis,
782 805 1071 862 quotquot
1101 797 1340 862 ipsemet
1372 805 1642 851 accurate
1675 798 1994 860 observavi,
2026 815 2150 851 non
2179 800 2397 860 dubito,

197 871 342 934 quin
357 871 534 921 etiam
547 884 652 933 per
666 871 1118 920 convenientem
1132 869 1480 935 hypothesin
1494 885 1703 922 eorum
1715 879 1928 930 motuS,
1943 877 2073 922 utut
2085 870 2399 936 inaequalis

196 955 506 1005 apparenS‚
535 939 637 992 sub
665 942 1020 992 concinnam
1045 947 1247 992 tamen
1272 940 1709 1005 regularitatem
1737 942 1918 1007 redigi
1946 942 2120 1006 possit.
2152 942 2399 995 Utinam

195 1011 398 1064 saltem
417 1010 556 1063 huic
575 1011 780 1071 labori,
803 1005 824 1079 ΙΙ
844 1014 947 1075 qui
966 1025 1090 1062 non
1111 1010 1186 1062 est
1205 1011 1533 1072 mediocriS,
1553 1027 1661 1077 par
1677 1013 1846 1064 detur
1859 1015 2044 1078 gratia
2057 1019 2234 1077 atque
2248 1012 2397 1065 fruc-

196 1090 306 1135 tus,
328 1082 490 1134 Nam
509 1098 585 1134 ne
605 1086 668 1134 in
687 1082 897 1134 ultimo
918 1081 1175 1146 quidem,
1197 1084 1300 1146 qui
1319 1082 1434 1134 hoc
1454 1098 1615 1135 anno
1637 1086 1789 1135 circa
1803 1083 2102 1148 Februarij
2120 1083 2302 1136 finem
2316 1090 2397 1136 at-

196 1169 312 1218 que
332 1154 534 1219 Martij
557 1156 726 1205 initia
745 1156 1017 1218 apparuit
1044 1152 1236 1217 (cuius
1258 1154 1499 1205 brevem
1517 1153 1612 1206 sed
1632 1153 1765 1206 satis
1786 1152 2053 1207 exactam
2073 1154 2397 1220 descriptio-

195 1240 336 1277 nem
351 1224 546 1277 tecum
562 1224 772 1276 ultimo
788 1224 1248 1288 communicavi)
1269 1230 1399 1276 utut
1417 1227 1467 1276 is
1485 1240 1590 1289 per
1610 1225 1667 1276 12
1686 1225 1887 1277 saltem
1907 1226 2047 1287 dieS‚
2069 1227 2283 1290 quibus
2299 1229 2399 1278 vix

196 1294 466 1349 octavam
492 1295 693 1348 circuli
717 1302 946 1361 partem
971 1295 1229 1356 absolvit,
1256 1295 1370 1347 sese
1398 1295 1874 1361 conspiciendum
1900 1296 2244 1358 exhibuerit,
2272 1300 2399 1350 eius

195 1374 396 1420 tamen
423 1370 800 1432 apparentias
819 1369 882 1419 in
902 1373 1121 1419 certam
1142 1366 1408 1431 aliquam
1427 1383 1497 1419 ac
1517 1367 1848 1432 regularem
1867 1383 2143 1420 normam
2163 1384 2398 1433 compo-

196 1453 336 1491 nere
362 1454 470 1504 pro
496 1438 823 1503 impossibili
847 1454 972 1490 non
997 1437 1207 1498 habe0,
1234 1438 1367 1490 licet
1392 1441 1442 1490 is
1467 1441 1637 1490 initio
1663 1439 1728 1493 71
1752 1439 1966 1504 gradus
1993 1439 2207 1491 diurno
2232 1446 2399 1492 motu

196 1509 466 1562 emensus
485 1509 565 1570 fit,
587 1512 741 1562 circa
760 1509 1036 1562 ultimum
1055 1512 1376 1562 terminum
1388 1509 1591 1562 saltem
1603 1509 2058 1575 sesquialterum.
2080 1510 2222 1563 Non
2239 1513 2400 1563 enim

195 1581 582 1634 tumultuario
611 1581 822 1633 incessu
848 1597 885 1633 a
911 1581 1190 1633 celeriore
1218 1583 1283 1633 in
1310 1581 1628 1633 tardiorem
1654 1588 1883 1633 motum
1911 1581 2275 1642 deveniebat,
2304 1581 2400 1634 sed

194 1652 492 1705 successive
519 1659 696 1717 atque
723 1653 1020 1705 ordinarie
1041 1654 1496 1705 concitationem
1514 1652 1681 1705 suam
1700 1652 1930 1714 remifit,
1956 1652 2206 1718 pulchra
2226 1659 2281 1705 et
2299 1653 2400 1706 fibi

196 1723 577 1776 consentienti
611 1726 1008 1789 proportione,
1046 1723 1552 1788 quemadmodum
1579 1724 1779 1776 videre
1812 1724 1887 1776 est
1919 1739 1992 1776 ex
2023 1724 2090 1776 3a
2121 1724 2401 1777 columna

195 1794 456 1848 Tabellae
483 1796 739 1848 diarium
766 1795 1033 1848 Cometae
1058 1802 1288 1847 motum
1315 1797 1712 1860 exprimentiS,
1739 1796 1841 1848 ubi
1867 1795 2065 1847 cursus
2091 1798 2218 1848 eius
2245 1796 2398 1848 diur-

196 1882 310 1918 nus
334 1868 608 1932 proprius
634 1869 697 1918 in
722 1866 826 1919 suo
853 1865 1030 1919 ductu
1057 1869 1385 1931 exponitur.
1413 1866 1583 1918 Nihil
1609 1869 1769 1918 enim
1794 1866 1911 1919 illic
1936 1869 2203 1919 invenies
2226 1870 2398 1919 inter-

195 1944 451 2003 ruptum,
479 1937 785 1990 confusum
811 1945 915 1990 aut
938 1938 1359 1990 inordinatum.
1387 1938 1458 1990 Et
1477 1938 1729 1990 Cometa
1754 1940 1804 1990 is
1830 1936 2172 1994 exac'tissime
2195 1954 2401 1991 arcum

196 2009 397 2062 circuli
422 2012 486 2062 in
510 2009 741 2074 sphaera
764 2011 1028 2069 maximi,
1056 2009 1224 2061 nullo
1249 2008 1484 2074 prorsus
1508 2009 1690 2061 modo
1711 2010 1785 2061 ab
1807 2024 1879 2061 eo
1905 2009 2018 2061 hac
2036 2009 2133 2061 vel
2158 2009 2293 2062 illac
2316 2010 2398 2062 di—

195 2081 480 2146 gredienS,
508 2081 887 2145 exprimebat,
915 2081 1076 2145 quod
1102 2087 1158 2132 et
1182 2095 1319 2132 cum
1343 2080 1653 2145 plaerisque
1679 2080 1811 2146 alijs
1832 2096 2149 2132 commune
2175 2080 2397 2141 habuit,

195 2159 260 2204 ut
278 2152 374 2204 vel
395 2167 467 2204 ex
486 2152 601 2204 hoc
619 2151 742 2204 solo
763 2151 1035 2216 colligere
1054 2151 1241 2212 liceat,
1264 2151 1561 2212 CometaS,
1583 2152 2089 2216 quemadmodum
2102 2151 2206 2203 suo
2221 2167 2399 2217 appa-

196 2231 360 2275 rente
380 2221 557 2276 duc'tu
576 2225 878 2288 portiones
898 2222 1098 2275 circuli
1117 2225 1365 2274 maximi
1384 2222 1726 2283 describunt,
1750 2238 1860 2275 nec
1879 2222 2157 2275 hincinde
2177 2225 2399 2276 incerto

195 2297 426 2347 tramite
447 2296 811 2360 divagantur,
832 2293 905 2346 fic
926 2296 1104 2346 etiam
1123 2293 1225 2346 sub
1246 2294 1457 2347 eodem
1476 2292 1654 2346 ductu
1673 2293 2020 2346 circularem
2040 2302 2216 2359 atque
2234 2309 2398 2360 regu-

195 2365 384 2418 larem
404 2368 466 2418 in
486 2365 608 2430 ipso
628 2366 782 2418 coelo
803 2380 1073 2417 exercere
1098 2372 1383 2425 tenorem,
1410 2367 1682 2430 quamvis
1702 2367 1751 2418 is
1770 2365 1942 2418 nobis
1963 2381 1994 2417 e
2014 2368 2180 2418 terris
2201 2365 2398 2431 aspici-

197 2437 428 2489 entibus
448 2437 762 2502 inaequalis
781 2443 1033 2502 putetur.

267 2509 464 2573 Atque
485 2507 615 2560 haec
635 2509 711 2560 ad
731 2511 986 2573 primam
1004 2515 1170 2560 tuam
1191 2505 1581 2560 obiectionem
1599 2505 1903 2570 sufficiant,
1931 2523 2067 2572 quae
2091 2515 2147 2560 et
2168 2507 2398 2573 posteri-

197 2579 413 2640 oribuS,
428 2579 469 2631 fi
483 2582 590 2631 rite
606 2580 1030 2645 expendantur,
1045 2579 1178 2632 satis
1192 2578 1449 2631 obviant.
1471 2579 1585 2632 Sed
1597 2586 1799 2632 tamen
1814 2587 1869 2632 et
1882 2579 1992 2631 has
2005 2579 2399 2644 particulatim

196 2650 682 2716 introspiciamus
710 2651 937 2703 Omnes
957 2650 1255 2711 CometaS,
1284 2653 1387 2715 qui
1411 2649 1698 2703 hactenus
1724 2650 2081 2703 emerserunt
2099 2651 2195 2703 vel
2215 2653 2277 2702 in
2296 2666 2398 2715 po-

195 2721 409 2774 sterum
428 2723 760 2787 prodibunt,
781 2722 883 2775 sub
905 2730 1124 2774 certam
1142 2724 1422 2774 motionis
1441 2737 1717 2774 normam
1737 2722 1996 2787 redigere
2011 2737 2135 2773 non
2149 2722 2398 2783 dabitur,

198 2808 271 2846 ex
290 2809 411 2858 quo
431 2796 703 2846 omnium
723 2792 943 2847 exac'tae
964 2793 1397 2846 observationes
1419 2795 1483 2845 in
1504 2800 1782 2858 promptu
1808 2793 1912 2845 esse
1938 2800 2252 2857 nequeant.
2280 2794 2338 2845 N
2343 2810 2398 2846 e-

198 2879 313 2929 que
334 2865 393 2917 id
412 2879 564 2917 meae
584 2865 871 2917 assertioni
891 2867 1197 2930 quippiam
1217 2864 1472 2930 derogat,
1494 2879 1630 2916 cum
1646 2879 1770 2916 non
1790 2863 2179 2916 universalem
2200 2872 2255 2916 et
2275 2880 2397 2917 om-

197 2936 371 2988 nibus
401 2936 663 2988 Cometis
694 2939 911 3001 pariter
939 2942 1369 3000 competentem
1400 2937 1680 2987 motionis
1711 2935 1900 3000 legem
1930 2934 2399 3000 praescribiposse

196 3009 451 3058 varietas
470 3009 533 3058 in
553 3006 789 3072 fingulis
807 3006 941 3059 satis
960 3022 1071 3058 nos
1091 3005 1597 3058 commonefaciat.
1626 3005 1779 3069 Quae
1806 3008 1978 3071 igitur
2004 3007 2076 3058 de
2102 3006 2398 3072 fingulari-

197 3077 324 3138 bus,
356 3084 411 3129 et
439 3093 696 3142 quorum
724 3081 1087 3142 apparentiae
1116 3077 1439 3129 admodum
1469 3076 1705 3141 praecise
1734 3079 2136 3138 innotuerunt,
2168 3077 2398 3142 loquor,

197 3156 262 3201 tu
282 3148 358 3200 ad
377 3147 732 3200 universalia
752 3151 895 3200 citra
913 3155 1173 3200 mentem
1191 3163 1391 3200 meam
1409 3147 1609 3200 trahis,
1633 3148 1791 3200 Cum
1812 3150 1972 3200 enim
1991 3148 2197 3214 singuli
2215 3149 2399 3202 ferme

200 3219 470 3273 Cometae
490 3219 714 3284 aliquid
733 3221 1032 3284 peculiare
1053 3219 1372 3277 obtineant,
1398 3219 1736 3283 impossibile
1757 3222 1864 3271 erit
1883 3235 1956 3272 ex
1975 3219 2202 3284 aliquot
2225 3224 2399 3285 parti-

200 3290 601 3343 cularitatibus
621 3293 865 3355 cognitis
883 3289 1204 3355 ijsdemque
1224 3290 1556 3342 adinvicem
1574 3306 1700 3342 non
1720 3290 2210 3344 consentientibus
2229 3307 2400 3357 gene-

200 3362 387 3415 ralem
398 3361 727 3414 construere
739 3360 1082 3422 doctrinam,
1091 3356 1374 3429 uideoque
1386 3377 1493 3427 ego
1506 3377 1641 3414 eam
1651 3361 1943 3427 nusquam
1953 3362 2253 3485 110111111111Ίεψ
2255 3363 2399 3416 sum.

341 3443 388 3479 34
2255 3437 2402 3486 ertia
