2644 4030
261 304 365 356 296
793 299 1231 352 EPISTOLAE
1256 298 1926 352 ASTRONOMICAE

332 444 596 508 Intelligo
619 449 674 493 te
698 441 1018 493 Theoricas
1044 448 1176 493 tuas
1202 456 1361 492 nunc
1386 440 1618 505 publice
1646 456 1940 505 exponere
1967 447 2145 505 atque
2172 441 2458 505 copiosius

260 515 556 574 illustrare,
580 513 739 578 quod
761 515 938 564 etiarn
957 511 1282 577 plurimum
1301 511 1498 564 laud0.
1526 511 1769 577 Attigisti
1790 514 1852 563 in
1871 512 1984 563 istis
2003 511 2307 564 Theoricis
2326 527 2457 576 pro-

259 590 392 651 pius
420 586 660 650 scopum
686 583 1158 648 Copernicaeum‚
1194 583 1512 648 redigendo
1543 582 1719 647 ipfius
1750 583 2207 647 speculationem
2239 583 2314 635 ad
2345 583 2458 635 for-

260 673 421 709 mam
455 656 891 716 Ptolemaicam‚
928 670 1110 719 quam
1145 660 1320 707 antea
1354 657 1418 705 in
1451 653 1819 706 Tabularum
1847 654 2390 706 Astronomicarum
2427 670 2458 707 e

260 730 580 781 Prutenicis
606 726 958 778 resolutione
984 725 1301 791 praestitum
1325 725 1415 786 est,
1443 725 1545 777 ubi
1564 727 1817 777 nimium
1838 725 1912 777 ab
1932 725 2107 790 ipfius
2126 725 2461 791 symmetria
2509 743 2531 777 5

261 807 315 853 et
341 802 569 852 ratione
596 798 793 851 aliena
819 797 1102 858 admisisti,
1131 797 1290 862 quod
1315 803 1371 848 te
1397 796 1586 861 ipsum
1611 798 1732 848 iam
1753 796 1979 848 dudum
1999 797 2460 849 animadvertisse

260 879 436 936 atque
464 870 786 922 emendasse
813 884 936 920 non
962 868 1182 920 dubito,
1204 869 1428 920 Verum
1453 883 1529 920 ne
1555 867 1651 919 hic
1676 868 1917 932 quidem
1937 868 2013 920 ad
2033 869 2297 920 amussim
2318 884 2460 932 qua-

261 944 446 1002 drant,
475 948 529 994 et
548 940 919 1005 AEquantum
939 956 975 992 a
996 940 1265 992 circulari
1293 946 1347 991 et
1373 939 1627 1004 regulari
1647 946 1831 1000 motu,
1860 942 1961 1004 qui
1987 941 2309 1004 proprium,
2337 954 2462 991 non

261 1014 525 1066 alienum
560 1012 783 1076 respicit
819 1018 1101 1071 centrum,
1137 1013 1568 1063 inconcinnitas
1603 1013 1800 1075 parvis
1836 1010 2184 1075 quibusdam
2218 1010 2461 1062 circellis

261 1086 706 1138 convenientius
728 1082 987 1135 excusari
1011 1089 1253 1147 poterat,
1281 1097 1356 1133 ne
1376 1082 1440 1134 fit
1460 1081 1904 1134 Mathematicae
1924 1080 2264 1146 perfec'tioni
2285 1078 2462 1147 atque
2515 1098 2557 1133 ιο

260 1156 618 1222 regularitati
645 1154 1020 1207 offendiculo.
1049 1154 1304 1206 Realitas
1332 1156 1509 1205 etiam
1536 1159 1590 1205 et
1617 1155 1788 1218 copia
1809 1159 1893 1205 tot
1913 1153 2145 1205 orbium
2166 1153 2462 1218 complen-

260 1231 407 1281 tium
435 1234 489 1279 et
513 1226 891 1286 trahentium,
920 1241 1055 1290 quae
1083 1232 1137 1277 et
1164 1225 1442 1290 quorsum
1468 1224 1717 1285 libuerit,
1745 1240 1868 1276 non
1893 1224 1968 1276 est
1987 1225 2312 1284 necessaria,
2339 1227 2463 1276 imo

260 1299 493 1365 prorsus
518 1298 970 1363 supervacanea,
999 1313 1134 1349 cum
1161 1296 1264 1361 ipfi
1287 1296 1439 1348 coelo
1460 1295 1610 1347 nihil
1631 1295 1982 1348 eiuscemodi
2004 1311 2212 1347 revera
2231 1310 2462 1360 compe-

260 1378 357 1432 tat,
384 1370 545 1422 velut
572 1376 747 1422 antea
773 1371 1094 1421 innuimus,
1124 1367 1293 1421 Recte
1316 1374 1518 1420 tamen
1541 1367 1700 1427 faciS,
1729 1367 1889 1432 quod
1914 1367 2191 1419 studiosos
2218 1366 2463 1431 aliquali

204 1499 209 1503 ,
260 1443 462 1495 saltem
483 1441 801 1494 coelestium
825 1443 1157 1505 cognitione
1183 1439 1416 1500 imbuiS‚
1446 1446 1500 1491 et
1527 1454 1735 1491 eorum
1761 1441 1999 1504 ingenia
2018 1438 2094 1490 ad
2113 1438 2388 1490 solidiora
2409 1444 2463 1490 et
2517 1455 2559 1489 15

261 1514 531 1579 pleniora
546 1512 883 1577 capessenda
895 1512 1112 1564 idonea
1130 1511 1322 1563 reddis
1340 1517 1515 1575 atque
1536 1525 1852 1574 praeparaS.
1876 1509 1965 1562 Est
1985 1509 2209 1574 aliquid
2229 1509 2463 1574 prodire

261 1593 449 1645 tenus,
480 1584 520 1636 fi
549 1600 671 1636 non
702 1584 873 1636 datur
901 1583 1070 1644 ultra,
1101 1590 1163 1634 ut
1193 1582 1496 1646 inquiebat
1522 1582 1716 1634 Poeta.
1749 1582 1906 1634 Cum
1932 1580 2140 1633 nostrae
2166 1581 2463 1645 publicam
2513 1585 2541 1628 †

262 1658 456 1709 lucem
481 1656 731 1708 viderint
760 1654 1148 1720 hypotyposes
1178 1653 1382 1718 hisque
1408 1651 1834 1718 superinductae
1861 1652 2383 1705 demonstrationes
2410 1659 2464 1704 et

262 1731 511 1788 numeri,
539 1727 648 1779 has
675 1741 912 1791 quoque
940 1726 1235 1785 discutere,
1264 1725 1583 1789 explanare
1611 1732 1787 1789 atque
1809 1723 2176 1776 auditoribus
2195 1727 2310 1775 tuis
2333 1738 2463 1788 pro-

262 1814 482 1865 ponere
504 1798 920 1862 declarareque
940 1797 1042 1849 tibi
1061 1796 1313 1848 liberum
1334 1796 1683 1860 relinquam.
1706 1796 1946 1847 Interim
1960 1802 2124 1847 utere
2139 1797 2227 1860 ijs,
2250 1810 2385 1860 quae
2402 1797 2465 1847 in
2514 1811 2561 1846 20

262 1878 538 1935 promptu
558 1869 702 1930 sunt,
726 1875 780 1920 et
799 1869 839 1920 fi
861 1884 995 1933 qua,
1018 1875 1337 1932 antequam
1359 1867 1551 1919 nostra
1571 1869 1880 1931 acceperis,
1902 1867 2282 1928 intercesserit,
2304 1868 2387 1918 uti
2401 1865 2465 1918 fit

263 1946 326 1994 in
351 1942 525 1993 rebus
552 1940 768 2001 arduiS‚
795 1955 980 2000 mora,
1010 1955 1143 1992 eam
1169 1942 1456 2003 patienter
1481 1939 1687 1990 sustine
1715 1945 1770 1990 et
1796 1938 2042 1991 candide
2066 1941 2463 2003 interpretare.

263 2014 470 2066 Unum
489 2013 585 2064 vel
604 2012 856 2064 alterum
877 2011 1071 2063 adhuc
1092 2011 1325 2071 addam,
1346 2010 1542 2075 postea
1560 2009 1845 2062 scribendi
1864 2009 2047 2061 finem
2066 2009 2296 2062 faciam.
2319 2005 2340 2077 ΙΙ

334 2085 394 2137 Si
421 2083 671 2149 Eclipses
698 2083 939 2147 aliquot,
969 2082 1287 2148 praesertim
1314 2083 1596 2143 LunareS,
1628 2087 1729 2133 aut
1757 2084 1934 2133 etiam
1961 2080 2210 2141 SolareS,
2242 2081 2463 2141 Romae,
2496 2089 2584 2132 81v

263 2157 570 2217 Bononiae,
597 2155 693 2207 vel
720 2157 898 2207 etiam
920 2157 983 2205 in
1007 2154 1138 2219 alijs
1159 2153 1575 2206 celebrioribus
1596 2153 1781 2205 Italiae
1804 2152 2170 2214 CivitatibuS‚
2196 2155 2465 2216 proxime
2515 2169 2561 2203 25

264 2227 468 2292 elapfis
482 2227 707 2292 aliquot
722 2228 911 2285 annis
934 2225 1253 2291 diligenter,
1276 2225 1474 2290 quoad
1487 2232 1823 2290 temporum
1837 2230 2156 2285 momenta,
2172 2224 2466 2276 denotatae

263 2299 407 2360 sunt,
439 2298 604 2351 effice
634 2305 713 2359 ut,
746 2303 1034 2363 quotquot
1062 2297 1281 2349 habere
1310 2297 1553 2357 licuerit,
1584 2295 1732 2347 mihi
1759 2299 1931 2360 copia
1957 2311 2164 2347 earum
2189 2294 2314 2356 fiat;
2346 2310 2466 2360 quo

264 2370 739 2423 Meridianorum
758 2368 1087 2421 nostrorum
1108 2367 1517 2429 differentiam,
1539 2367 1753 2420 collata
1773 2367 1965 2419 nostra
1981 2370 2043 2418 in
2061 2366 2263 2432 ijsdem
2279 2369 2465 2419 anim-

264 2442 620 2501 adversione,
647 2441 786 2493 hinc
807 2443 1018 2492 certius
1040 2447 1094 2491 et
1114 2439 1407 2504 praecifius
1429 2454 1610 2504 quam
1630 2438 1882 2491 antehac
1902 2436 2122 2490 factum
2146 2438 2236 2497 est,
2264 2437 2466 2490 discer-

264 2529 404 2565 nere
425 2513 611 2565 liceat.
635 2512 870 2576 Eclipfis
885 2511 1038 2570 Solis
1052 2511 1261 2563 ultima
1275 2513 1510 2576 contigit
1524 2511 1620 2563 hic
1635 2510 1797 2562 horis
1809 2510 1858 2562 6.
1872 2510 1957 2562 Μ.
1970 2510 2027 2562 51
2040 2526 2076 2562 a
2086 2509 2284 2561 media
2297 2507 2466 2562 nodie
2516 2526 2562 2561 30

265 2584 469 2649 elapfis
485 2584 683 2649 quoad
702 2587 962 2648 primum
981 2586 1232 2635 initium.
1255 2582 1514 2635 Ultimus
1529 2582 1665 2634 finis
1680 2589 1803 2634 erat
1817 2581 1967 2633 hora
1981 2581 2056 2633 ad
2071 2581 2335 2633 amussim
2349 2583 2467 2633 exi-

263 2656 439 2708 stente
464 2671 628 2708 nona
654 2656 740 2707 M.
765 2655 814 2716 0,
842 2670 949 2707 nec
978 2654 1398 2719 obtegebantur
1425 2654 1496 2706 de
1523 2653 1659 2706 Sole
1685 2652 1791 2704 nifi
1817 2659 2071 2717 quatuor
2097 2652 2273 2718 digiti,
2299 2654 2468 2704 tertia

263 2727 472 2780 scilicet
493 2730 618 2779 eius
638 2742 791 2791 parS,
814 2742 950 2778 cum
968 2741 1226 2778 canones
1241 2729 1303 2777 in
1318 2725 1510 2777 nostro
1525 2725 1757 2777 climate
1773 2722 2016 2776 odionos
2031 2723 2330 2788 duploque
2343 2738 2467 2775 ma-

264 2802 451 2851 iorem
478 2799 665 2850 Lunae
695 2798 1191 2862 interpositionem
1220 2799 1639 2861 promitterent.
1671 2795 2079 2847 Defiderarem
2106 2797 2284 2847 etiam
2309 2794 2466 2855 scire,

266 2871 407 2934 quid
427 2886 463 2922 a
482 2870 649 2922 vobis
669 2872 732 2921 in
752 2870 936 2930 Italia,
958 2870 1059 2921 ubi
1080 2868 1407 2933 deliquium
1426 2868 1547 2920 fere
1566 2867 1744 2919 totale
1764 2870 1929 2918 iuxta
1945 2866 2226 2919 Canones
2246 2866 2349 2918 esse
2370 2866 2464 2918 de·
2515 2882 2561 2917 35

264 2941 405 3002 buit,
433 2940 908 2993 animadversum
927 2941 1006 2992 fit.
1035 2939 1241 3004 Scripfi
1261 2938 1412 2992 dicio
1432 2939 1583 3003 saepe
1607 2938 1915 2998 GELLIO‚
1937 2944 2001 2990 ut
2020 2937 2467 2989 instrumentum

267 3013 566 3076 quoddam
593 3012 710 3064 illic
730 3015 877 3064 meis
898 3011 1220 3076 sumptibus
1241 3011 1316 3062 ad
1336 3010 1509 3063 instar
1530 3010 1832 3062 cuiusdam
1853 3024 2076 3069 eorum,
2106 3024 2241 3073 quae
2267 3008 2364 3060 1110
2383 3011 2466 3060 vi-

267 3084 347 3135 dit
374 3090 549 3148 atque
575 3082 855 3144 tractavit,
883 3083 1011 3135 fieri
1036 3089 1323 3147 procuret,
1353 3097 1472 3146 quo
1499 3082 1947 3133 intermediante
1975 3080 2258 3144 quasdam
2280 3079 2467 3132 stellas

266 3154 383 3205 illic
404 3155 577 3206 altius
599 3171 781 3219 quarn
801 3154 898 3206 hic
918 3154 1274 3214 scandenteS,
1297 3160 1351 3205 et
1371 3153 1693 3205 nonnullas
1713 3152 1948 3216 insuper
1967 3151 2063 3203 hic
2079 3151 2153 3203 ob
2169 3150 2295 3202 Poli
2308 3165 2466 3215 mag-

267 3240 409 3277 nam
424 3226 791 3277 altitudinem
806 3242 930 3277 non
945 3228 1273 3277 exorientes
1289 3224 1518 3277 coelitus
1533 3224 1783 3284 denotet,
1799 3229 1975 3287 atque
1989 3224 2112 3274 una
2125 3220 2466 3275 selectorum
2515 3237 2562 3272 40

268 3297 645 3360 quorundam
662 3297 847 3349 Italiae
862 3297 1215 3361 oppidorum
1229 3296 1357 3347 Poli
1375 3295 1753 3348 sublimitates
1774 3293 2114 3358 scrupolose,
2135 3309 2300 3345 more
2319 3292 2467 3344 mihi

271 3367 377 3431 (uti
398 3366 517 3431 scit)
539 3367 760 3429 ufitat0‚
783 3367 1061 3420 scrutetur
1083 3374 1137 3419 et
1157 3370 1431 3431 inquirat.
1455 3366 1591 3430 Qua
1611 3368 1673 3418 in
1693 3372 1872 3431 parte,
1895 3365 1997 3416 fiis
2011 3366 2348 3416 Bononiam
2367 3363 2466 3416 ad-

2127 3467 2129 3469 .
2226 3437 2466 3495 venerit,
