2632 4022
266 298 371 349 398
774 294 1465 347 ANNOTATIONES
1492 294 1960 347 EDITORUM

379 446 788 490 HIERONYMO
818 444 1183 489 MUNNOSIO
1212 445 1282 487 IN
1309 444 1507 488 ACAD.
1529 445 1959 488 VALENTIANA
1987 445 2343 490 HEBRAICAE

679 516 962 559 LINGVAE
989 516 1067 558 ET
1094 515 1617 559 MATHEMATICES
1643 515 2045 560 PROFESSORI.

1334 587 1384 630 S.

363 670 673 714 VOCATUS
700 670 771 713 est
797 682 863 713 ex
889 669 991 713 hac
1016 669 1229 713 mortali
1250 670 1359 712 vita
1384 669 1437 712 in
1461 669 1607 712 illam
1634 669 1900 714 coelestem
1924 670 2263 714 Reisacherus
2289 671 2462 715 noster

388 730 440 773 19
459 730 666 784 Aprilis,
694 740 889 784 magno
911 730 1095 772 dolore
1116 732 1167 772 et
1188 741 1422 772 moerore
1441 729 1639 781 uxoris,
1667 729 1972 781 liberorum,
1994 732 2046 772 et
2066 729 2261 773 scholae
2281 730 2457 775 huius:

258 790 387 832 mihi
408 801 618 843 quoque
639 801 746 832 non
767 789 1098 832 mediocrem
1123 789 1285 831 animi
1311 788 1676 843 aegritudinem
1704 789 1920 843 peperit.
1948 789 2138 832 Fuerat
2164 789 2304 832 enim
2332 790 2461 833 mihi

257 849 503 892 omnibus
530 851 580 891 et
608 848 808 891 amoris
835 851 886 891 et
913 848 1072 903 officij
1101 847 1323 891 vinculis
1350 846 1806 891 coniunctissimus.
1838 848 2043 891 Literas
2068 848 2221 903 igitur
2247 861 2378 903 quas
2404 852 2460 892 tu

256 909 325 951 ad
344 909 490 950 illum
511 920 616 950 una
637 919 762 951 curn
782 908 956 950 libello
979 907 1173 959 dedisti,
1201 907 1365 950 frater
1383 907 1516 950 illius
1537 919 1820 962 germanus
1841 907 1970 950 mihi
1989 907 2215 951 reddidit
2233 908 2291 950 24
2311 908 2457 964 Iunij.

255 969 355 1010 Eas
376 979 471 1022 ego
493 967 817 1011 libentissime
839 966 1039 1021 accepi,
1062 967 1280 1021 sumque
1300 978 1488 1010 earum
1508 965 1729 1010 lectione
1751 967 1973 1010 mirifice
1991 966 2295 1010 delectatus.
2320 967 2459 1011 Nam

254 1028 306 1070 in
333 1027 407 1070 eis
432 1027 509 1069 tui
535 1027 601 1070 de
626 1038 714 1069 me
741 1026 903 1069 animi
928 1026 1180 1069 iudicium
1206 1029 1463 1080 tuamque
1491 1026 1751 1080 optimam
1771 1038 1896 1081 erga
1917 1038 2004 1070 me
2023 1027 2354 1070 voluntatem
2375 1038 2460 1071 co-

253 1087 431 1141 gnovi:
449 1098 512 1129 ac
527 1086 618 1128 nifi
632 1086 725 1129 tibi
735 1086 952 1129 vicissim
967 1098 1065 1140 par
1076 1085 1436 1138 humanitatis,
1454 1085 1653 1129 amoris
1664 1088 1716 1129 et
1726 1097 1864 1129 meae
1877 1097 2000 1140 erga
2010 1089 2062 1129 te
2075 1086 2458 1129 benevolentiae

254 1146 478 1189 studium
505 1146 849 1196 ostenderem,
884 1145 1073 1188 merito
1100 1145 1334 1200 ingratus
1364 1148 1414 1188 et
1442 1145 1763 1188 inhumanus
1789 1145 2011 1188 iudicari
2036 1145 2248 1199 possem.
2282 1145 2458 1197 Quare

254 1206 323 1248 ad
343 1217 434 1248 eas
454 1205 633 1248 literas
653 1205 785 1248 meis
804 1205 898 1248 tibi
917 1205 1235 1259 respondere
1255 1204 1415 1257 volui,
1439 1217 1571 1259 quas
1592 1204 1754 1248 etiam
1767 1204 1920 1248 testes
1935 1205 2040 1247 mei
2054 1216 2178 1260 erga
2191 1207 2244 1248 te
2259 1205 2458 1249 amoris

253 1265 351 1308 esse
378 1265 550 1319 cupio.
582 1266 686 1320 Ego
712 1267 780 1316 te,
809 1264 882 1307 mi
909 1265 1129 1316 Munofi,
1160 1275 1268 1307 non
1293 1275 1433 1307 nunc
1462 1264 1645 1316 solum,
1674 1263 1952 1319 postquam
1971 1263 2226 1319 igniculos
2245 1264 2362 1308 illos
2380 1264 2456 1307 tui

253 1336 377 1379 erga
403 1336 490 1367 rne
517 1324 716 1367 amoris
744 1323 975 1378 sparsisti,
1005 1335 1190 1366 amare
1216 1323 1370 1377 coepi,
1399 1324 1486 1367 sed
1505 1323 1614 1366 iam
1635 1326 1773 1374 ante,
1803 1323 2017 1378 quando
2046 1323 2279 1366 libellum
2304 1326 2456 1367 tuum

252 1385 317 1426 de
338 1387 551 1427 cometa
571 1384 751 1427 videre
778 1383 908 1426 mihi
934 1383 1163 1438 contigit,
1189 1383 1267 1426 tui
1293 1395 1479 1426 amore
1506 1382 1816 1426 mirabiliter
1841 1395 1991 1426 eram
2017 1383 2284 1435 accensus,
2314 1383 2456 1437 quod

251 1444 303 1486 in
329 1443 463 1486 illius
488 1442 802 1486 tractatione
822 1443 1048 1486 eandem
1068 1443 1333 1497 utriusque
1359 1442 1595 1486 nostrum
1614 1442 1853 1486 viderem
1876 1442 1975 1486 esse
1999 1441 2324 1493 sententiam,
2352 1443 2455 1485 eas-

251 1503 374 1546 dem
395 1503 538 1546 fuisse
552 1503 896 1558 cogitationes
911 1514 974 1545 ac
990 1502 1277 1545 mirificum
1292 1502 1594 1545 animorum
1610 1502 1918 1545 consensum
1933 1513 1997 1545 ac
2012 1501 2454 1556 conspirationem

252 1563 320 1605 ad
345 1575 526 1605 unum.
556 1562 693 1614 Quid
720 1562 863 1617 quod
890 1563 1103 1616 quando
1131 1573 1227 1617 ego
1255 1573 1441 1605 amore
1466 1561 1542 1604 tui
1566 1561 1880 1616 flagrabam,
1906 1564 1964 1604 tu
1989 1561 2096 1605 istic
2118 1561 2310 1604 eodem
2330 1573 2454 1616 erga

251 1634 337 1665 me
359 1621 753 1672 accendebaris,
775 1625 832 1664 ut
851 1621 1095 1664 videatur
1117 1623 1328 1664 occulta
1349 1621 1600 1676 quaedam
1623 1621 1821 1664 amoris
1838 1621 1891 1663 in
1909 1620 2098 1663 animis
2113 1620 2299 1664 nostris
2312 1619 2454 1664 fad'ta

250 1681 348 1725 esse
368 1680 581 1725 readtio.
607 1682 841 1736 Uterque
855 1681 997 1724 enim
1011 1682 1178 1725 altero
1196 1681 1469 1735 ignorante
1485 1681 1554 1723 ad
1567 1680 1919 1735 prensandam
1934 1680 2148 1723 alterius
2163 1679 2453 1723 amicitiam

248 1741 449 1795 impetu
479 1742 716 1796 quodam
744 1740 883 1783 visus
912 1740 982 1783 est
1011 1740 1150 1783 ferri.
1184 1740 1353 1783 Huius
1378 1751 1508 1783 vero
1539 1740 1644 1783 mei
1675 1751 1799 1794 erga
1827 1742 1879 1782 te
1909 1739 2071 1782 animi
2098 1739 2453 1783 testimonium

249 1803 431 1843 extare
451 1800 594 1843 volui
614 1800 667 1843 in
687 1800 916 1843 secundo
936 1811 1059 1842 meo
1081 1799 1271 1854 scripto
1293 1800 1436 1854 quod
1455 1802 1570 1842 tum
1591 1799 1942 1851 adornabam‚
1970 1799 2315 1842 vehementer
2333 1811 2453 1854 gau-

248 1861 394 1911 dens,
415 1861 557 1914 quod
582 1859 900 1903 beneficium
919 1859 1045 1902 illud
1059 1859 1229 1902 mutui
1243 1859 1523 1902 consensus
1537 1858 1666 1901 mihi
1679 1861 1860 1902 tecum
1875 1869 2164 1902 commune
2179 1858 2278 1901 esse
2292 1858 2453 1902 conti-

248 1919 400 1973 gisset.
425 1919 556 1962 Cum
576 1919 729 1974 igitur
748 1919 867 1962 haec
887 1919 1022 1962 inter
1040 1930 1139 1961 nos
1160 1918 1394 1961 amicitia
1414 1930 1522 1961 non
1542 1919 1646 1961 fine
1666 1918 1882 1961 numine
1898 1917 2150 1961 inchoata
2165 1917 2263 1961 esse
2277 1917 2452 1962 videa-

245 1981 345 2030 tur,
368 1989 475 2021 non
490 1978 673 2022 dubito
688 1979 833 2021 illam
847 1978 1063 2021 firmam
1091 1976 1099 2036 Ι
1114 1977 1349 2021 futuram
1364 1977 1483 2021 esse:
1506 1990 1634 2020 nam
1650 1978 1793 2032 quod
1808 1978 1876 2020 ad
1891 1989 1979 2020 me
1994 1977 2192 2029 attinet,
2216 1988 2339 2020 eam
2353 1988 2450 2032 ego

247 2039 424 2081 colam
445 2041 496 2081 et
514 2038 705 2082 tuebor
725 2036 1045 2080 sanctissime.
1104 2040 1197 2080 unt
1217 2038 1469 2092 quaedam
1488 2036 1542 2079 in
1563 2037 1752 2091 quibus
1773 2037 2108 2088 dissentimus‚
2131 2037 2218 2080 sed
2233 2048 2297 2079 ea
2312 2037 2448 2080 adeo

245 2109 419 2152 pauca
437 2101 496 2140 ut
514 2098 795 2141 veritatem
815 2100 867 2140 et
886 2097 1122 2140 nostrum
1143 2097 1452 2140 consensum
1471 2096 1893 2151 haudquaquam
1906 2095 2228 2140 labefactare
2242 2096 2447 2151 possint:

244 2157 354 2200 imo
383 2169 490 2201 non
523 2157 722 2209 dubito,
752 2157 843 2200 ubi
870 2159 927 2199 tu
953 2168 1103 2200 meas
1130 2159 1222 2199 aut
1247 2167 1344 2211 ego
1371 2155 1588 2200 vicissim
1613 2159 1733 2199 tuas
1761 2156 1995 2200 rationes
2025 2155 2448 2211 cognoverimus,

246 2217 471 2259 alterum
491 2217 543 2259 in
565 2216 778 2260 alterius
800 2216 1110 2259 sententiam
1129 2217 1325 2259 iturum
1346 2215 1460 2259 esse.
1483 2215 1809 2270 Scripserunt
1829 2216 1971 2270 apud
1990 2226 2088 2259 nos
2107 2216 2284 2270 plures
2301 2215 2367 2258 de
2385 2227 2449 2258 ea

245 2276 401 2328 stella,
430 2277 517 2319 sed
542 2276 700 2330 pauci
719 2276 999 2319 veritatem
1027 2276 1327 2331 attigerunt;
1356 2275 1535 2330 itaque
1561 2273 1763 2318 factum
1790 2275 1860 2318 est
1883 2277 1940 2318 ut
1961 2274 2068 2329 ipse
2089 2275 2157 2317 ad
2178 2286 2448 2318 commen-

242 2336 466 2378 tandum
487 2335 805 2387 accesserim,
835 2347 899 2379 ac
924 2335 1118 2379 alicubi
1138 2335 1370 2390 asperius
1389 2334 1612 2389 ineptias
1634 2335 1972 2389 quorundam
1991 2333 2444 2389 reprehenderim3

243 2395 452 2438 fortasse
480 2399 657 2439 autem
679 2395 841 2439 etiam
861 2395 915 2437 in
932 2398 1053 2438 tuos
1074 2394 1489 2438 calumniatores
1510 2395 1775 2448 quadrare
1801 2396 2063 2448 poterunt,
2092 2404 2225 2448 quos
2246 2394 2335 2437 etfi
2354 2396 2447 2437 tua

242 2454 434 2498 virtute
455 2457 506 2497 et
526 2455 817 2498 eruditione
838 2454 1085 2506 devicisti,
1110 2455 1176 2497 de
1198 2465 1304 2508 quo
1323 2453 1417 2497 tibi
1437 2455 1691 2509 gratulor:
1719 2456 1903 2496 tamen
1923 2456 2109 2497 mutuo
2130 2453 2305 2496 nostro
2326 2464 2449 2497 con-

244 2514 403 2566 sensu,
435 2525 544 2558 non
568 2515 749 2566 modo,
776 2517 834 2557 ut
862 2514 1115 2565 existimo,
1146 2513 1313 2569 magis
1340 2513 1700 2565 devincentur,
1731 2524 1919 2556 verum
1946 2513 2108 2556 etiam
2132 2513 2314 2567 palam
2338 2512 2446 2564 fiet,

243 2584 334 2616 eos
355 2573 463 2617 solo
485 2573 844 2616 calumniandi
864 2573 1028 2617 studio
1048 2573 1141 2616 tibi
1162 2576 1213 2616 et
1232 2572 1441 2616 veritati
1461 2572 1753 2616 oblatrasse.
1783 2572 1916 2624 Quae
1936 2572 2149 2616 illorum
2168 2571 2371 2615 malitia
2389 2574 2447 2615 ut

242 2632 403 2675 etiam
425 2633 543 2688 Regi
563 2633 733 2677 vestro
760 2636 888 2676 nota
913 2633 1079 2685 fieret,
1109 2632 1322 2676 decrevi
1349 2632 1522 2675 eidem
1548 2644 1687 2676 meae
1713 2632 1852 2675 istius
1874 2631 2255 2675 lucubrationis
2281 2643 2446 2675 manu

243 2692 489 2747 scriptum
517 2694 823 2747 exemplum
849 2692 1078 2744 mittere3
1108 2703 1171 2735 ac
1191 2695 1250 2735 ut
1268 2692 1321 2735 id
1340 2692 1593 2743 facerem,
1622 2691 1881 2735 excitatus
1901 2692 2015 2734 sum
2039 2691 2201 2734 etiam
2222 2702 2447 2745 quorun-

241 2752 369 2794 dam
401 2752 873 2804 exhortationibus,
909 2752 997 2806 qui
1029 2752 1277 2795 dicebant
1306 2752 1497 2807 Regem
1530 2762 1724 2806 magno
1758 2751 2013 2794 desiderio
2047 2750 2328 2794 accensum
2360 2761 2446 2794 co-

241 2811 517 2865 gnoscendi
544 2812 685 2855 hanc
707 2812 924 2863 stellam,
953 2811 1222 2855 mandasse
1241 2811 1408 2854 tribus
1429 2809 1643 2854 delectis
1665 2809 2072 2862 Mathematicis,
2095 2809 2442 2861 salmantino,

240 2870 508 2923 Toletano,
531 2874 581 2914 et
599 2871 693 2915 tibi
711 2871 883 2923 tertio,
906 2874 963 2913 ut
983 2871 1130 2913 suam
1145 2871 1210 2914 de
1226 2881 1290 2914 eo
1309 2873 1634 2925 exponerent
1655 2869 1979 2922 sententiam,
2001 2872 2053 2913 et
2073 2869 2142 2913 ob
2162 2869 2302 2912 hanc
2323 2880 2444 2912 cau-

241 2930 352 2972 sam
378 2930 428 2973 se
455 2942 562 2974 non
583 2931 839 2982 dubitare,
869 2930 993 2985 quin
1019 2933 1229 2985 gratum
1255 2929 1491 2972 futurum
1512 2929 1633 2973 esset
1653 2929 1773 2984 Regi
1792 2941 1973 2972 meum
1994 2928 2233 2972 studium.
2262 2928 2321 2971 In
2342 2927 2444 2983 epi-

241 2989 367 3032 stola
387 2989 463 3032 tui
482 2990 756 3034 honestam
777 2993 829 3033 et
849 3002 1011 3044 quam
1031 2993 1123 3032 tua
1143 2989 1309 3032 virtus
1329 2992 1381 3032 et
1401 2989 1623 3033 eruditio
1650 2991 1900 3041 meretur,
1931 2988 2071 3032 facio
2099 2987 2439 3031 mentionem.

239 3048 423 3092 Scribo
446 3049 607 3092 etiam
629 3049 811 3093 Illustri
831 3050 893 3092 D.
917 3049 1107 3092 Comiti
1126 3048 1543 3100 Chinchonienfi‚
1571 3060 1807 3103 rogoque
1832 3051 1890 3091 ut
1915 3048 2149 3091 libellum
2170 3046 2289 3102 Regi
2316 3046 2443 3091 offe-

240 3110 336 3150 rat.
368 3108 606 3151 Mifissem
632 3109 725 3152 tibi
751 3110 1057 3163 exemplum
1083 3107 1423 3159 libentissime‚
1452 3108 1540 3151 sed
1558 3108 1865 3151 veredarius
1887 3106 2097 3150 onerari
2116 3118 2224 3150 non
2249 3105 2438 3161 potuit:

238 3166 454 3209 unicum
485 3167 668 3211 saltem
698 3171 873 3222 caput,
906 3168 997 3211 ubi
1020 3167 1097 3211 tui
1122 3167 1263 3211 facio
1289 3167 1633 3218 mentionem,
1660 3167 1754 3210 tibi
1780 3167 1948 3218 mitto,
1983 3178 2290 3220 quanquam
2317 3165 2441 3208 alibi

239 3226 400 3268 etiam
420 3226 561 3269 idem
581 3227 676 3269 fiat
696 3240 727 3270 a
748 3239 850 3279 me,
871 3230 929 3270 ut
942 3227 1122 3270 videre
1142 3227 1353 3282 poteris.
1378 3226 1496 3270 Non
1511 3226 1693 3270 dubito
1708 3226 1865 3278 enim,
1889 3226 2012 3280 quin
2026 3226 2224 3280 integer
2236 3224 2440 3268 libellus

238 3284 291 3326 in
309 3288 428 3327 tuas
448 3298 639 3328 manus
660 3287 718 3328 fit
737 3289 1101 3340 perventurus,
1129 3287 1213 3329 vel
1240 3286 1529 3329 mandante
1551 3287 1699 3340 Rege,
1727 3286 1811 3328 vel
1838 3285 2097 3328 beneficio
2119 3285 2181 3328 D.
2205 3284 2437 3336 Comitis,

237 3346 295 3386 ut
309 3344 373 3387 de
389 3355 452 3387 eo
468 3347 619 3387 tuum
634 3345 886 3388 iudicium
904 3345 1060 3398 feras,
1081 3346 1223 3400 quod
1241 3357 1337 3400 ego
1354 3345 1677 3389 libentissime
1693 3344 1788 3387 abs
1801 3347 1852 3388 te
1866 3347 2125 3399 tanquam
2140 3344 2207 3388 ab
2222 3343 2437 3387 homine

2505 448 2557 491 41·
