2644 4030
247 299 340 351 166
779 294 1912 348 EPISTOLAEASTRONOMICAE

246 446 520 507 peterem.
548 434 569 507 ΙΙ
597 438 881 491 Constitui
911 439 1071 489 enim
1099 439 1163 488 in
1187 435 1423 502 lingulis
1450 437 1616 488 iuxta
1642 435 1930 488 librorum
1958 435 2158 498 finem,
2188 436 2443 489 aliorum
2491 446 2544 489 lv

246 511 459 577 placita
480 515 534 561 et
554 508 1089 562 animadversiones
1109 506 1212 559 sub
1231 506 1508 559 incudem
1528 509 1786 559 veritatis
1806 523 2101 569 revocare,
2128 507 2229 560 ubi
2248 510 2312 560 in
2330 511 2443 573 pri-

246 598 346 635 mo
366 589 543 646 atque
563 581 772 633 ultimo
792 586 972 640 tomo,
1000 578 1213 643 quibus
1233 578 1304 630 de
1326 577 1504 630 Nova
1522 577 1636 630 hac
1655 577 1836 631 Stella
1855 585 1910 631 et
1931 579 2182 631 Cometa
2206 581 2351 632 anni
2376 579 2446 632 80

247 656 450 719 agitur,
485 659 723 705 tuarum
756 650 1237 703 lucubrationum
1267 648 1678 711 honorificam,
1714 655 1778 701 ut
1808 665 1916 715 par
1948 649 2039 710 est,
2077 650 2445 702 introducere

246 727 607 777 mentionem
631 722 1001 775 commodius
1022 726 1161 780 erat,
1183 735 1366 785 quam
1382 722 1445 772 in
1462 720 1565 772 illo
1581 721 1930 773 intermedio
1944 721 2094 773 libro
2108 721 2180 773 de
2195 721 2448 774 Cometa
2496 738 2518 773 5

247 798 390 849 anni
410 796 494 847 77.
524 794 698 846 Circa
722 793 882 845 hunc
910 795 1069 845 enim
1092 793 1346 844 nimium
1365 791 1439 844 ab
1460 791 1582 856 ipso
1603 791 1755 845 coelo
1777 791 1895 856 (vel
1914 791 2094 857 teipso
2114 791 2329 857 iudice)
2350 792 2445 844 de-

246 867 454 919 flexisse
476 864 946 930 deprehenderis.
968 864 1147 915 Plura
1165 862 1280 915 hoc
1299 869 1563 928 tempore
1583 862 1827 915 scribere
1840 862 2079 919 ,festinus
2093 862 2325 916 Nobilis
2339 862 2446 915 hu-

246 942 339 990 ius
359 938 549 990 abitus
570 952 693 988 non
713 938 945 1001 patitur,
966 949 1175 987 verum
1189 933 1291 986 ubi
1310 950 1415 999 per
1427 933 1588 986 hunc
1603 934 1678 986 ad
1692 950 1802 987 nos
1816 935 2178 995 redeuntem,
2195 934 2291 987 vel
2305 949 2446 999 qua-

248 1024 480 1074 cunque
508 1008 626 1060 alia
652 1007 850 1060 oblata
876 1008 1272 1071 oportunitate
1298 1005 1636 1070 responsum
1662 1022 1699 1058 a
1723 1011 1779 1058 te
1805 1021 2098 1071 receperO,
2126 1005 2366 1058 uberius
2392 1011 2448 1057 et

246 1081 512 1146 pluribus
532 1080 603 1132 de
623 1085 745 1132 toto
765 1077 880 1130 hoc
899 1079 1134 1143 negotio
1154 1083 1348 1129 tecum
1368 1092 1558 1143 agam.
1580 1077 1928 1141 Intereaque
1949 1083 2004 1129 et
2022 1076 2247 1142 semper
2267 1092 2449 1142 quam
2502 1092 2544 1127 ιο

247 1153 548 1205 diutissime
564 1158 618 1203 et
631 1150 940 1203 felicissime
952 1149 1102 1210 vale,
1115 1155 1170 1201 et
1181 1148 1574 1213 Amplissimos
1587 1147 2173 1213 Generofissimosque
2184 1148 2449 1215 Batones
2467 1176 2470 1181 ·

248 1224 321 1276 D.
339 1222 795 1275 IOHANNEM
816 1219 1263 1274 SEPTIMIUM
1285 1236 1322 1272 a
1342 1216 1757 1284 Lichtenftein
1780 1226 1834 1272 et
1852 1219 1926 1271 D.
1942 1216 2450 1272 FELICIANUM

248 1296 321 1348 ab
336 1290 747 1359 Herberftein,
770 1307 1026 1358 quorum
1042 1298 1289 1357 uterque
1305 1291 1568 1344 Daniam
1582 1291 1977 1356 superioribus
1997 1293 2171 1343 annis
2189 1296 2449 1356 pertran-

248 1367 412 1427 fiens,
439 1381 535 1418 me
556 1364 917 1429 Uraniburgi
941 1363 1187 1416 invisere
1214 1378 1338 1415 non
1360 1369 1636 1429 gravatus
1657 1362 1748 1424 est,
1775 1378 1911 1415 meo
1931 1364 2175 1415 nomine
2195 1360 2450 1414 officiose

248 1438 449 1491 saluta.
477 1437 841 1501 Receperunt
860 1450 1001 1487 vero
1022 1434 1199 1488 ambo
1225 1436 1288 1486 in
1313 1434 1369 1486 se
1388 1433 2088 1487 WITICHIANORUM
2107 1432 2452 1498 scriptorum
2504 1448 2547 1483 1⁵

250 1517 304 1562 et
317 1510 619 1568 librorum,
633 1522 782 1573 quos
795 1506 917 1572 post
930 1506 1051 1559 fata
1064 1506 1313 1571 reliquit,
1328 1521 1464 1558 meo
1479 1508 1722 1558 nomine
1737 1507 2230 1571 procurationem,
2246 1504 2318 1557 de
2332 1519 2453 1569 qua

249 1588 313 1634 ut
339 1597 440 1633 eos
465 1595 569 1645 per
589 1578 1068 1632 commoditatem
1088 1577 1349 1630 oblatam
1368 1577 1690 1630 admonere
1710 1576 1873 1637 veliS,
1899 1582 2275 1641 peramanter
2298 1581 2451 1641 peto·

250 1653 469 1705 Iterum
483 1657 537 1704 et
551 1649 762 1716 saepius
775 1649 925 1702 vale.
948 1650 1180 1715 Raptim
1200 1648 1445 1701 Hafniae
1466 1649 1559 1701 die
1580 1649 1665 1701 22.
1682 1648 1883 1713 Martij
1901 1648 2083 1700 Anno
2098 1647 2345 1700 Domini
2365 1646 2451 1699 89.

1577 1754 1692 1807 Tui
1713 1755 1989 1807 amantiss.

1795 1825 2036 1879 TYcHo
2063 1826 2309 1908 ΒΒΑῌΕ,
2502 1839 2548 1874 20

1826 1912 2013 1949 manu
2031 1912 2285 1962 propna.

252 2077 326 2123 [Ex
347 2077 591 2124 apographo
611 2075 655 2112 in
677 2075 820 2112 codice
840 2074 1161 2112 Vindobonensi
1181 2075 1248 2111 lat.
1274 2073 1446 2119 10686⁶⁶l

273 2162 894 2239 ·HENRICUS
938 2161 1497 2237 BRUCAEUS
1536 2161 1698 2234 AD
1738 2158 2403 2235 TYCHONEM

1209 2267 1499 2319 BRAHE.

1282 2348 1331 2391 S.
1360 2348 1423 2391 D.
2472 2342 2585 2386 106¹*

469 2424 565 2478 ‘⁴⁶⁹‘
738 2435 874 2488 EGI
903 2434 1337 2500 responsionem
1365 2440 1532 2486 tuam
1560 2433 1636 2486 ad
1664 2448 1830 2485 meas
1859 2434 2058 2484 literas
2087 2431 2159 2483 de
2187 2431 2454 2490 Cometa,

452 2514 459 2521 '
736 2509 799 2558 in
814 2522 932 2571 qua
946 2521 1071 2558 non
1086 2521 1158 2558 eo
1173 2505 1428 2558 candore
1449 2505 1586 2557 usus
1605 2504 1836 2565 videriS‚
1858 2518 2038 2569 quem
2058 2500 2454 2567 expectabam,

662 2595 669 2601 ·
736 2594 844 2630 nec
860 2593 932 2630 eo
947 2580 1150 2630 animo
1165 2577 1357 2629 nostra
1371 2577 1659 2642 accepisse‚
1676 2591 1796 2640 quo
1810 2575 2017 2640 scripta
2029 2573 2174 2626 sunt.
2196 2573 2454 2633 Miraris,

547 2684 599 2720 ,ᾗ
735 2665 832 2701 me
853 2655 1018 2702 tuam
1039 2647 1409 2715 Hypothesm
1435 2648 1701 2713 probare,
1729 2662 1866 2699 cum
1885 2652 2151 2698 veterum
2177 2652 2456 2697 autorum

384 2759 407 2772 ff
499 2776 534 2793 A
558 2759 563 2763 γ
625 2729 644 2759 -·“
682 2726 693 2775 l:
737 2736 963 2773 errores
983 2720 1281 2772 mordicus
1302 2721 1452 2772 tueri
1471 2718 1710 2771 soleam.
1733 2717 1893 2781 Quid
1913 2715 2029 2770 ita?
2048 2717 2149 2768 An
2168 2717 2310 2781 quia
2326 2713 2454 2767 infi-
2504 2729 2551 2766 3ο

335 2794 455 2842 ..4-
630 2792 686 2826 «4
736 2794 873 2844 nitis
892 2791 1308 2844 tenebrionum
1326 2792 1588 2843 erroneis
1601 2789 1896 2854 sententijs
1910 2803 2035 2841 non
2048 2788 2328 2846 assentiar,
2349 2788 2455 2837 mi-

254 2863 436 2917 raris?
462 2864 584 2929 Ego
603 2879 745 2915 vero
766 2863 1017 2915 levitatis
1036 2878 1288 2928 magnae,
1315 2863 1531 2927 ingenij
1555 2862 1739 2926 parvi,
1760 2858 2066 2912 imbecillis
2085 2858 2282 2923 iudicij
2305 2856 2455 2909 arbi-

254 2943 389 2997 tror,
416 2951 540 2988 non
565 2933 716 2988 recle
740 2934 1004 3001 expensis
1024 2933 1493 2987 adversariorum
1513 2932 1910 2997 opinionibuS,
1938 2929 2151 2995 quibus
2171 2928 2455 2981 calumni-

255 3008 395 3060 andi
416 3022 597 3072 quam
617 3004 768 3058 recte
786 3005 1069 3059 sentiendi
1083 3007 1275 3058 maior
1290 3004 1365 3057 est
1379 3020 1537 3065 cura,
1557 3003 1743 3056 subito
1758 3003 2019 3055 assentiri.
2041 3000 2217 3054 Soleo
2232 3015 2340 3065 ego
2354 2999 2456 3052 diu

255 3078 626 3142 multumque
647 3093 929 3141 premere,
952 3092 1087 3142 quae
1109 3076 1603 3136 contradicuntur,
1626 3081 1681 3127 et
1701 3073 2003 3139 quomodo
2017 3071 2204 3124 refelli
2217 3075 2454 3136 queant,
2505 3085 2551 3121 ³5
2638 3141 2644 3146 .

258 3151 526 3214 cogitare,
553 3154 679 3199 tum
698 3149 793 3200 vel
818 3151 881 3200 in
906 3151 1101 3213 priore
1127 3147 1411 3200 sententia
1435 3146 1740 3212 persistere,
1768 3150 1870 3198 aut
1897 3146 2075 3196 etiam
2100 3143 2269 3195 aliter
2290 3141 2455 3194 senti-

258 3219 487 3272 entibus
514 3219 834 3271 adhaerere.
866 3220 1009 3271 Non
1034 3234 1130 3271 me
1156 3225 1398 3271 movent
1424 3219 1697 3278 convitia,
1725 3216 1938 3281 quibus
1963 3214 2335 3267 tenebriones
2359 3227 2455 3264 ve·

257 3297 407 3343 teres
432 3297 555 3342 tam
581 3290 851 3343 Medicos
877 3306 1059 3355 quam
1082 3289 1468 3355 Philosophos
1494 3288 1768 3348 obruunt,
1796 3294 1851 3339 et
1876 3286 1989 3339 hac
2015 3287 2244 3338 ratione
2269 3282 2457 3336 turbae
2539 3309 2542 3314 ·

258 3359 507 3414 indoctae
534 3361 738 3414 fucum
762 3361 999 3414 faciunt.
1031 3360 1188 3413 Mihi
1213 3362 1472 3413 veritatis
1498 3360 1723 3425 semper
1747 3372 2032 3424 magnum
2056 3356 2164 3409 fuit
2188 3355 2456 3478 studiundi,

2102 3427 2396 3480 dissentien
2438 3427 2458 3476 i
