2644 4030
234 304 326 357 128
765 298 1198 353 EPISTOLAE
1226 295 1896 351 ASTRONOMICAE

234 449 494 505 rimarer,
515 442 920 503 animadverti,
942 457 1150 494 eorum
1170 443 1545 506 apparentias
1561 455 1637 493 ne
1652 439 2034 504 Coperniano
2055 439 2294 504 quidem
2314 439 2426 492 cal—

234 516 367 568 culo
397 514 528 566 satis
557 513 793 579 praecise
823 528 1161 579 congruere,
1191 511 1414 564 nedum
1439 510 1826 577 Alphonfin0‚
1856 513 1959 576 qui
1983 512 2106 563 iam
2129 525 2302 575 paene
2328 510 2427 562 ob-

233 586 530 639 soleverat.
559 585 735 649 Coepi
761 585 972 637 exinde
998 584 1101 636 diu
1126 582 1499 647 multumque
1523 597 1759 635 mecum
1784 581 2085 647 pensitare,
2115 582 2273 634 unde
2299 580 2429 633 haec

234 674 270 710 a
290 656 442 709 coelo
462 655 584 721 ipso
603 662 726 708 tam
746 655 986 708 evidens
1007 654 1392 719 discrepantia
1411 654 1755 716 oboriretur,
1777 669 1856 706 an
1869 669 2011 706 vero
2029 651 2147 717 [ob]
2164 651 2429 705 observa-

233 732 463 781 tionum
483 726 557 779 ab
578 726 896 779 artificibus
916 741 1040 778 non
1059 728 1166 778 rite
1186 725 1592 786 institutarum,
1619 741 1699 777 an
1726 727 1905 777 etiam
1924 724 1999 777 ob
2019 722 2430 790 hypothefium
2479 740 2500 774 ⁵

234 800 647 863 assumptarum
679 796 1151 850 insufficientiam
1184 802 1239 849 et
1269 795 1590 849 falsitatem.
1630 791 1652 864 ΙΙ
1692 796 1967 861 Cumque
1999 794 2226 860 aliquot
2257 796 2430 847 annis
2450 803 2555 846 A2r

233 871 387 923 hanc
407 884 532 921 rem
552 872 713 922 varie
734 868 1117 929 revolverem,
1139 867 1497 920 accrescente
1517 870 1638 920 iam
1659 874 1830 920 aetate
1849 873 1903 919 et
1919 866 2138 919 iudicio
2155 867 2279 918 una
2296 880 2431 918 cum

235 957 305 994 ea
318 943 504 1006 magis
517 940 815 1006 magisque
828 939 1266 1000 maturescente,
1284 938 1557 1004 utrasque
1570 947 1693 991 tam
1706 937 2105 1003 Alphonfinas
2117 937 2232 989 five
2246 936 2431 989 Ptole-

233 1015 454 1065 maicas
468 1011 817 1078 hypotheses
832 1026 1015 1076 quam
1029 1010 1443 1076 Copernianas
1458 1010 1791 1076 diligentius
1805 1009 2044 1074 inspexi,
2067 1015 2122 1061 et
2141 1011 2204 1060 in
2225 1022 2433 1060 earum

233 1085 710 1136 ratiocinationes
729 1085 984 1147 penitius
1005 1081 1310 1147 disquifivi,
1336 1081 1696 1146 tandemque
1717 1081 2123 1141 animadverti,
2144 1083 2208 1132 in
2225 1081 2431 1132 veteri·
2485 1095 2528 1130 10

232 1156 342 1207 bus
361 1154 476 1206 illis
495 1153 927 1221 hypothesibuS,
949 1153 1087 1206 inde
1104 1169 1141 1206 a
1158 1152 1484 1205 Ptolomaeo
1503 1152 1740 1218 eiusque
1761 1151 2109 1217 quibusdam
2128 1150 2432 1204 antecesso-

234 1226 393 1278 ribus
413 1225 595 1291 usque
616 1225 691 1278 ad
711 1241 822 1278 nos
842 1223 1118 1286 deducIiS,
1139 1230 1269 1277 utut
1287 1239 1506 1290 magna
1520 1239 1593 1276 ex
1606 1229 1770 1290 parte
1785 1225 2163 1288 apparentias
2178 1221 2434 1274 coelestes

235 1297 590 1359 excusarent,
610 1303 813 1349 tamen
833 1297 992 1362 quod
1011 1302 1208 1349 motus
1229 1295 1527 1349 circularis
1547 1295 1984 1361 regularitatem
1998 1309 2123 1346 non
2137 1296 2290 1346 circa
2301 1308 2432 1358 pro-

234 1371 429 1434 prium
448 1368 544 1421 sed
564 1368 829 1421 alienum
849 1367 1151 1433 quoddam
1171 1373 1438 1420 centrum
1457 1366 1586 1420 fieri
1606 1366 1993 1427 admitterent,
2021 1371 2224 1418 contra
2243 1367 2436 1430 prima

235 1442 373 1492 artis
398 1442 687 1505 principia
711 1455 970 1504 peccare,
998 1438 1159 1504 quod
1183 1438 1301 1504 ipse
1328 1441 1507 1491 etiam
1528 1436 2030 1492 COPERNICUS
2052 1439 2116 1489 in
2138 1435 2292 1489 hisee
2316 1434 2433 1488 cul-
2487 1451 2529 1486 15
2548 1463 2560 1474 -

234 1512 382 1576 passe
396 1511 647 1572 videtur;
667 1517 954 1577 praeterea
974 1510 1263 1577 epicyclos
1283 1516 1366 1563 tot
1386 1516 1441 1562 et
1460 1516 1670 1570 tantOS,
1692 1512 1795 1574 qui
1808 1509 2027 1562 ibidem
2042 1511 2219 1560 etiam
2232 1508 2434 1560 assum-

235 1588 430 1644 untur,
457 1581 711 1635 multum
736 1581 898 1648 spatij
922 1584 985 1634 in
1006 1581 1158 1635 coelo
1179 1597 1468 1647 occupare
1490 1588 1545 1634 et
1563 1580 1889 1647 superfluos
1910 1581 2030 1632 esse.
2059 1579 2120 1632 Si
2145 1579 2434 1644 pauciori-

234 1654 344 1706 bus
369 1669 462 1706 res
489 1656 683 1706 omnis
709 1652 930 1706 absolvi
954 1654 1143 1718 posset,
1171 1653 1444 1715 iudicavi,
1470 1667 1874 1718 magnumque
1895 1651 1966 1703 de
1986 1650 2079 1703 his
2099 1649 2436 1715 scrupulum

235 1724 382 1776 mihi
403 1727 615 1786 iniecit,
637 1723 796 1790 quod
816 1724 983 1777 nulla
1002 1725 1313 1777 necessaria
1330 1723 1503 1777 causa
1515 1724 1611 1776 vel
1625 1723 1983 1776 combinatio
2003 1722 2290 1775 naturalis
2309 1720 2434 1772 sub-

237 1796 379 1856 esset,
407 1812 510 1848 cur
534 1796 860 1861 superiores
883 1795 1142 1848 Planetae
1166 1795 1289 1848 Soli
1310 1791 1332 1864 ΙΙ
1352 1798 1434 1848 ita
1459 1795 1855 1861 alligarentur,
1885 1800 1949 1846 ut
1974 1792 2113 1846 huic
2140 1789 2566 1845 0011111111511Α2ν

234 1866 629 1919 summitatem
655 1866 1052 1933 epicyclorum
1076 1866 1302 1932 semper
1327 1872 1699 1932 occuparent,
1729 1868 1792 1917 in
1820 1864 2028 1917 infimo
2053 1879 2196 1917 vero
2223 1878 2435 1916 eorun-

236 1937 371 1990 dem
389 1937 522 1990 loco
543 1938 734 1990 eidem
754 1944 1210 2004 opponerentur,
1232 1944 1287 1990 et
1304 1937 1445 1998 bini,
1467 1953 1617 2002 quos
1636 1936 1942 1989 inferiores
1961 1941 2191 1996 vocant,
2211 1934 2436 2000 semper

236 2010 493 2062 eundem
523 2010 788 2062 medium
819 2009 1019 2062 locum
1051 2025 1188 2062 cum
1217 2008 1352 2062 Sole
1384 2008 1723 2062 sortirentur
1754 2007 1957 2073 illique
1989 2010 2052 2059 in
2080 2007 2348 2072 Apogaeo
2382 2011 2437 2057 et

235 2080 495 2146 Perigaeo
511 2080 907 2147 epicyclorum
921 2080 1355 2145 copularentur.
1377 2080 1547 2142 Haec,
1567 2082 1831 2145 inquam,
1852 2094 1978 2131 non
1991 2077 2261 2144 colligere
2275 2077 2438 2129 licuit

235 2151 453 2204 habere
474 2158 694 2205 certam
715 2158 770 2204 et
790 2152 1124 2205 evidentem
1147 2151 1601 2205 combinationis
1627 2153 1935 2211 rationem,
1963 2149 2247 2215 liquidem
2271 2154 2436 2201 tanto
2485 2164 2532 2199 25

236 2222 546 2276 intervallo
567 2223 641 2276 ab
661 2226 916 2276 invicem
936 2223 1207 2276 distarent
1226 2222 1357 2276 haec
1377 2222 1577 2284 fidera‚
1602 2222 1753 2275 adeo
1776 2228 1857 2284 ut,
1880 2220 2011 2274 haec
2032 2222 2438 2273 concatenatio

235 2301 446 2347 mutua
463 2294 505 2346 fi
524 2294 600 2347 ad
621 2310 759 2349 eum
778 2294 1015 2360 praecise
1034 2294 1283 2347 modum
1301 2294 1482 2355 fieret,
1510 2294 1895 2347 necessitatem
1921 2292 2186 2358 aliquam
2206 2305 2438 2356 compe-

235 2372 455 2418 tentem
479 2365 706 2428 subesse,
736 2373 800 2419 ut
829 2368 1034 2419 omnia
1058 2368 1122 2418 in
1148 2381 1221 2419 ea
1246 2368 1328 2419 ita
1354 2368 1673 2427 evenirent,
1702 2364 1852 2417 mihi
1876 2366 2076 2417 minus
2102 2364 2439 2429 apparuerit

237 2436 693 2490 consentaneum
706 2453 718 2499 ;
740 2443 800 2491 at
818 2440 1014 2503 potius
1033 2437 1129 2490 vel
1147 2437 1304 2490 hanc
1323 2437 1508 2490 solam
1522 2436 1598 2490 ob
1613 2436 1850 2489 causam
1863 2439 1927 2488 in
1939 2435 2033 2488 his
2047 2435 2437 2500 assumptioni-

235 2508 345 2560 bus
359 2507 627 2562 coactum
642 2509 799 2574 quid,
815 2509 1100 2562 dissonum
1114 2515 1169 2561 et
1181 2508 1702 2574 supervacaneum,
1722 2507 1903 2560 latere
1917 2522 2041 2559 non
2055 2509 2198 2559 citra
2211 2521 2337 2558 rem
2350 2504 2437 2557 su·
2487 2520 2534 2555 30

236 2578 513 2644 spicabar.
541 2580 609 2633 In
635 2580 821 2633 altera
838 2596 982 2633 vero
1004 2583 1303 2633 neoterica
1321 2580 1534 2633 summi
1554 2579 1711 2632 illius
1732 2577 2159 2632 COPERNICI
2180 2576 2437 2630 distribu-

236 2653 396 2703 tione
417 2650 740 2705 absurditas
760 2654 913 2705 circa
932 2651 1220 2717 triplicem
1232 2651 1456 2705 telluris
1470 2657 1700 2703 motum
1713 2650 1899 2703 statim
1914 2649 2228 2709 absterruit,
2249 2650 2312 2700 in
2325 2649 2437 2712 pri-

237 2724 349 2774 mis
367 2738 509 2775 vero
530 2739 651 2788 quo
671 2722 748 2775 ad
768 2738 1036 2776 annuam
1055 2723 1221 2775 illam
1242 2725 1423 2775 centri
1444 2730 1499 2775 et
1519 2725 1648 2775 axis
1674 2721 2132 2774 declinationem
2155 2722 2219 2772 in
2243 2725 2438 2784 partes

239 2797 577 2847 contrarias.
605 2794 765 2847 Licet
790 2797 951 2847 enim
977 2794 1236 2859 reliquis,
1264 2809 1400 2860 quae
1425 2796 1489 2846 in
1509 2789 1917 2862 Ptole-nmaica
1942 2790 2307 2857 dispositione
2333 2788 2437 2842 dis·
2457 2797 2562 2841 A3r

240 2864 598 2918 cohaerentia
618 2871 673 2918 et
692 2865 988 2931 superflua
1011 2868 1411 2927 inveniuntur,
1439 2871 1770 2930 opportune
1795 2864 2143 2922 mederetur,
2169 2861 2438 2926 nihilque
2487 2877 2534 2912 35

240 2942 443 2988 contra
457 2936 884 2990 Mathematica
900 2940 1188 3003 principia
1202 2936 1583 3002 delinqueret,
1603 2942 1805 2988 tamen
1819 2950 1954 2987 cum
1970 2937 2092 2987 iam
2110 2931 2439 2998 regularem

239 3005 558 3070 perfectum
571 3007 880 3073 minusque
895 3011 1232 3061 intricatum
1245 3014 1475 3060 motum
1487 3007 1704 3068 Terrae‚
1719 3009 1885 3072 pigro
1901 3011 1955 3058 et
1968 3004 2302 3071 ignobiliori
2315 3018 2438 3055 cor-

240 3079 385 3141 pori,
407 3078 760 3140 attribueret,
781 3094 905 3131 non
924 3094 1137 3145 parum
1156 3077 1412 3145 suspetfta
1431 3078 1782 3131 reddebatur
1801 3076 1931 3130 haec
1951 3077 2270 3140 assumptio,
2291 3089 2437 3139 prae-

241 3147 433 3199 sertim
465 3164 600 3200 cum
631 3149 807 3202 sacrae
839 3150 1024 3203 literae
1056 3166 1180 3203 non
1210 3153 1415 3215 paucis
1447 3153 1510 3202 in
1541 3149 1685 3202 locis
1715 3148 1799 3201 illi
1828 3154 2026 3213 aperte
2058 3146 2437 3199 reclamitent.

242 3218 403 3270 Hinc
423 3219 494 3271 de
514 3226 763 3285 utraque
783 3220 999 3273 harum
1019 3221 1429 3287 hypothesium
1449 3236 1573 3273 non
1592 3235 1806 3286 parum
1825 3219 2104 3280 dubitavi,
2131 3233 2212 3270 an
2237 3216 2439 3281 aliqua
2486 3231 2534 3267 40

243 3304 449 3341 earum
469 3288 619 3342 1οέὶο
640 3290 695 3342 [0
715 3290 972 3345 haberet.
995 3291 1152 3344 Cum
1169 3307 1312 3344 vero
1329 3292 1497 3344 nulla
1512 3292 1632 3345 alia
1651 3291 1903 3351 daretur,
1925 3305 2060 3355 quae
2081 3289 2438 3354 apparentijs

243 3360 567 3413 coelestibus
587 3361 844 3414 consona
863 3361 1027 3424 foret,
1053 3369 1108 3416 et
1130 3363 1707 3415 homocentricorum
1727 3378 1765 3415 a
1784 3360 2132 3426 quibusdam
2152 3360 2437 3423 excogita-

2312 3435 2439 3480 tum
