2664 4030
282 309 339 361 18
817 306 1257 361 EPISTOLAE
1282 306 1956 360 ASTRONOMICAE

281 450 332 502 T
335 449 489 502 HES
511 449 801 502 SELYMI
820 449 1092 502 successor
1107 465 1314 502 omnes
1328 449 1534 502 fratres
1548 456 1694 502 natu
1707 452 1968 502 minores
1982 446 2329 510 interfecto&
2352 465 2488 502 cum

281 528 445 587 patre
460 520 823 586 sepeliendos
839 523 1050 574 curasse
1065 521 1262 582 fertur,
1286 521 1507 574 Caesari
1522 520 1650 574 octo
1667 537 1964 573 annorum
1979 520 2184 573 dedisse
2200 521 2486 581 induciaS,

280 599 464 645 totam
491 592 629 644 belli
654 593 876 644 molem
901 596 965 644 in
990 593 1189 644 Persas
1216 592 1618 644 conversurus
1647 593 1761 645 Sed
1780 607 2004 652 vereor,
2033 607 2108 643 ne
2134 590 2265 643 haec
2289 592 2486 644 beato-

281 680 415 716 rum
435 663 663 716 somnia
683 664 804 724 fint,
827 670 882 715 et
902 679 1011 715 nos
1032 667 1408 728 inopinantes
1426 680 1462 716 a
1478 663 1847 729 perfidissimo
1863 670 1917 715 et
1931 663 2315 728 potentissimo
2328 661 2487 715 hoste

282 738 704 800 opprimamur.
720 735 868 786 Vale
885 743 939 786 et
951 734 1197 800 ignosce,
1215 750 1430 799 meque
1447 738 1533 786 tui
1549 738 1902 787 memoriam
1915 732 2337 786 sacrosanctam
2351 749 2486 786 con·
2537 752 2560 786 5

284 807 647 858 servaturum
660 805 995 870 persuasum
1010 805 1243 866 habet0,
1266 801 1314 858 ὦ
1334 805 1712 873 εὐτυχέστατε
1731 805 1949 873 Τύχων,
1971 806 2114 858 dum
2127 820 2357 857 memor
2371 804 2487 870 ipse
2537 810 2566 854 ·1·

281 880 416 937 mei,
439 878 582 929 dum
601 877 830 941 spiritus
850 876 961 928 hos
981 884 1139 942 reget
1159 883 1335 928 artuS.
1359 871 1379 944 ΙΙ

355 948 577 1001 Consul
596 947 859 999 armillas
885 950 1073 1008 mittit,
1100 954 1392 1013 negatque
1419 947 1521 999 tibi
1546 962 1712 999 meas
1737 962 1926 1013 nugas
1951 947 2077 999 fore
2103 947 2254 1000 usui:
2281 962 2390 1000 nec
2415 949 2487 1013 ijs
2519 957 2601 1001 68r

283 1019 656 1071 onerandum
671 1019 775 1070 esse
789 1018 1042 1079 Petrum,
1065 1034 1201 1070 cum
1215 1025 1280 1070 tu
1293 1018 1387 1070 his
1400 1018 1573 1084 longe
1587 1018 1838 1070 meliora
1851 1018 2072 1071 habeas
2089 1018 2486 1071 instrumenta.

282 1091 404 1156 Ego
434 1090 832 1142 Astrolabium
863 1089 1111 1153 (nescius
1139 1090 1296 1142 idem
1327 1090 1430 1141 esse
1461 1106 1595 1142 cum
1626 1089 1882 1153 armilla)
1913 1105 1951 1142 a
1980 1089 2486 1142 SCHRECKEN-
2542 1108 2584 1143 10

281 1162 326 1214 F
329 1162 530 1214 UXIO
551 1161 699 1213 mihi
720 1161 1023 1222 donatum,
1046 1162 1205 1213 dono
1222 1161 1325 1213 tibi
1338 1164 1528 1213 mitto:
1550 1177 1673 1213 una
1688 1176 1823 1213 cum
1838 1160 2066 1213 annulo
2079 1160 2488 1213 Astronomico

282 1249 319 1285 a
344 1232 768 1285 IOACHIMO
796 1232 1393 1285 RINGELBERGIO
1422 1233 1727 1297 quondam
1748 1230 2033 1292 confecto;
2062 1247 2198 1296 quae
2218 1232 2259 1283 fi
2277 1232 2380 1284 tibi
2409 1232 2490 1296 (id

282 1305 442 1369 quod
461 1303 692 1367 vereor)
714 1303 843 1356 usui
856 1303 1055 1356 futura
1068 1319 1193 1355 non
1206 1303 1351 1364 sunt,
1377 1303 1749 1372 μνημόσυνον
1768 1310 1970 1355 tamen
1983 1303 2271 1365 WOLFIJ
2285 1305 2372 1355 tui
2386 1304 2489 1356 esse

281 1378 535 1440 patieris,
557 1375 650 1427 De
672 1378 876 1427 ceteris
895 1375 1069 1439 plura
1087 1374 1331 1427 scribent
1353 1375 1489 1427 Cos.
1512 1374 2004 1427 HAINZELIUS
2026 1382 2080 1426 et
2100 1374 2186 1426 M.
2206 1374 2487 1427 MAIOR.

282 1448 507 1499 Literas
524 1462 560 1498 a
577 1446 1312 1499 SCHRECKENFUXIO
1328 1447 1404 1499 ad
1418 1462 1514 1498 me
1529 1447 1695 1499 datas
1708 1447 1810 1499 tibi
1824 1449 2008 1507 mitt0,
2026 1448 2332 1510 imperitus
2346 1445 2486 1498 aesti-
2541 1463 2584 1499 15

282 1525 475 1570 mator
493 1518 673 1570 huius
693 1517 1006 1570 machinae.
1029 1518 1156 1570 Iussi
1175 1517 1365 1582 ipsum
1384 1524 1580 1583 petere
1601 1518 1742 1583 quid
1763 1517 2020 1582 amplius
2041 1519 2248 1583 exigat.
2270 1517 2490 1570 Iterum

281 1589 431 1642 vale.
454 1590 649 1641 Nonis
670 1589 870 1655 Martij
895 1590 1039 1642 1575.
1602 1624 1887 1678 HIERON.
1908 1624 2236 1679 WOLFIUS
2262 1630 2415 1677 tuus,

355 1803 409 1856 S.
431 1803 489 1855 P.
531 1802 872 1856 Charissime
897 1802 1176 1863 WOLFI,
1206 1802 1404 1855 literas
1432 1802 1518 1855 22.
1545 1803 1845 1869 Februarij
1878 1818 1915 1855 a
1943 1809 1998 1855 te
2028 1802 2104 1854 ad
2132 1817 2228 1854 me
2253 1801 2490 1867 scriptas

283 1890 407 1927 una
427 1890 562 1926 cum
582 1874 639 1926 16
661 1874 977 1926 Coronatis
998 1877 1061 1926 in
1081 1890 1230 1926 auro
1251 1874 1335 1927 27.
1359 1873 1618 1926 eiusdem
1638 1877 1853 1939 accepi.
1881 1874 2033 1926 Petis
2053 1880 2254 1926 autem
2272 1876 2337 1925 in
2356 1873 2487 1935 inis,
2538 1891 2585 1927 20

283 1953 346 1998 ut
359 1946 462 1997 tibi
476 1946 924 1997 instrumentum
939 1945 1180 2010 aliquod
1195 1945 1598 2006 transmittam,
1617 1946 1777 2011 quod
1794 1945 2035 2010 quidem
2048 1944 2312 1997 recusare
2326 1944 2488 1997 nole-

282 2018 437 2078 bam,
466 2032 538 2069 60
564 2017 725 2081 quod
751 2017 899 2069 alias
921 2017 1167 2069 libenter
1190 2018 1292 2069 tibi
1312 2016 1616 2082 gratificer.
1643 2018 1740 2070 Ad
1765 2019 2020 2082 pretium
2044 2032 2222 2082 porro
2242 2015 2488 2081 splendi-

284 2090 414 2141 dius
442 2089 602 2153 quod
628 2091 848 2150 attinet,
875 2095 931 2140 te
957 2089 1214 2141 iudicem
1237 2091 1300 2140 in
1322 2088 1436 2141 hac
1456 2104 1518 2140 re
1538 2088 1786 2141 libenter
1811 2091 2018 2154 patior.
2047 2087 2226 2152 Quod
2250 2090 2490 2152 propria

282 2176 469 2213 manu
487 2176 612 2212 non
631 2159 893 2220 scribam,
915 2163 978 2212 in
998 2160 1172 2212 causa
1193 2159 1267 2212 611
1287 2160 1529 2212 adversa
1548 2160 1844 2220 valetudo,
1866 2166 1930 2212 ut
1943 2159 2165 2212 fortasse
2181 2175 2254 2211 ex
2267 2161 2489 2211 nuncio

282 2231 496 2283 melius
521 2234 823 2296 percipieS‚
852 2247 1034 2296 quam
1060 2238 1124 2283 ut
1148 2234 1353 2295 paucis
1378 2231 1544 2284 scribi
1569 2232 1742 2296 possit.
1773 2231 2053 2284 Ceterum
2074 2230 2488 2283 TYCHONIS
2537 2248 2584 2284 2⁵

284 2303 558 2354 BRAHE
589 2302 853 2367 persona,
888 2319 1071 2368 quam
1102 2302 1283 2354 literis
1314 2306 1430 2355 tuis
1463 2304 1743 2368 depingiS,
1777 2304 2063 2355 notissima
2090 2301 2239 2354 mihi
2269 2301 2360 2354 611.
2393 2302 2490 2354 Ad

284 2372 639 2426 erectionem
658 2389 836 2439 porro
857 2373 1036 2426 huius
1055 2373 1302 2439 sphaerae
1322 2374 1643 2426 materialis
1670 2374 1830 2439 quod
1856 2376 2074 2435 attinet,
2103 2388 2253 2438 opus
2280 2375 2388 2425 erit
2404 2372 2488 2425 so-

283 2445 452 2497 lertia
484 2445 761 2510 quadam,
794 2461 870 2497 ne
903 2445 1130 2497 colores
1163 2452 1218 2497 et
1249 2448 1483 2497 numeri
1516 2448 1579 2498 in
1609 2461 1680 2498 ea
1709 2445 2077 2498 defricentur.
2112 2444 2173 2497 Si
2203 2450 2491 2509 praeterea

285 2517 426 2581 quid
453 2516 822 2577 defiderareS‚
849 2518 1028 2581 posses
1054 2532 1151 2568 me
1178 2519 1485 2569 certiorem
1510 2517 1769 2569 reddere.
1797 2516 2065 2569 Habebis
2086 2519 2244 2568 enim
2265 2515 2490 2580 semper

284 2603 322 2639 a
345 2603 441 2640 me
468 2587 821 2653 responsum.
852 2587 1221 2640 Tabellarius
1247 2588 1344 2640 iste
1372 2588 1736 2640 occasionem
1761 2587 2110 2640 rescribendi
2135 2586 2488 2639 monstrabit.
2537 2603 2586 2640 30

285 2659 460 2711 Hisce
480 2659 631 2711 bene
651 2659 801 2712 vale.
824 2659 999 2712 Datae
1020 2659 1285 2725 Friburgi
1306 2660 1343 2712 1.
1365 2659 1566 2726 Martij
1591 2675 1753 2712 anno
1773 2660 1859 2712 75.

1344 2767 1730 2891 OSWX'LDUS
1756 2838 2416 2891 SCHRECKENFUXIUS.

2378 3437 2486 3504 [Ex
