2644 4030
97 1090 140 1125 10

96 1446 137 1482 15

89 2160 136 2195 25

88 2871 134 2907 35

262 290 531 344 ΤΗΑῙ).
559 291 1014 344 HAGECIUS
1039 290 1161 343 AD
1188 290 1696 344 TYCHONEM
1723 288 1833 357 llll
1860 291 2035 344 IUN.
2063 292 2210 344 1590
2289 291 2393 345 255

192 449 400 486 eorum
415 433 671 486 formam
689 433 897 486 fimilia
913 432 1061 485 mihi
1078 432 1288 486 confici
1302 435 1574 485 curatim.
1597 433 1775 498 Quod
1792 433 1833 485 fi
1849 433 1964 493 fiet,
1987 440 2041 486 et
2061 449 2171 486 nos
2191 433 2394 500 ijsdem

190 510 385 557 tecum
411 507 646 571 organis
671 511 923 565 utemur,
950 507 1013 557 in
1038 504 1539 557 observationibus
1561 511 1800 557 mutuas
1822 508 2145 569 poterimus
2165 504 2394 558 tradere

191 591 572 700 opgoffietam
591 647 760 699 illum
773 646 861 699 bis
874 653 1105 699 tantum
1118 647 1267 699 mihi
1277 647 1475 699 videre
1488 649 1741 712 contigit,
1756 650 2014 712 primum
2026 648 2118 699 die
2130 647 2216 700 25.
2228 646 2392 700 Febr.

189 721 401 770 veteris
420 718 560 784 styli.
582 718 746 771 Stetit
765 718 868 770 illo
889 718 982 771 die
1003 720 1154 770 inter
1170 721 1424 783 primam
1439 726 1494 770 et
1507 718 1825 771 secundam
1838 718 2058 771 stellam
2071 718 2393 784 Trianguli‚

188 789 614 853 videbaturque
642 790 745 841 esse
771 791 835 841 in
860 787 1014 842 recta
1039 789 1199 841 linea
1222 792 1431 853 primae
1458 796 1513 842 et
1538 789 1808 842 secundae
1835 789 2011 842 stellae
2034 793 2097 842 in
2117 790 2394 842 cornibus

124 878 147 897 v
189 861 406 912 Arietis
434 867 488 912 et
513 863 721 925 primae
741 859 1062 925 Trianguli.
1092 859 1383 920 Caudam,
1406 856 1427 929 ΙΙ
1447 860 1772 913 admodum
1796 867 2038 913 tenuem
2064 867 2120 913 et
2141 863 2241 913 vix
2266 876 2392 926 per-

189 931 535 996 ceptibilem,
562 931 736 983 instar
761 931 884 997 styli
910 931 1010 983 seu
1035 930 1230 992 hastae,
1257 931 1589 997 porrigebat
1607 947 1764 997 pone
1784 932 1818 984 2
1837 931 2158 997 Triangu1i‚
2187 932 2392 998 dirige-

186 1001 404 1068 batque
429 1002 628 1054 versus
653 1002 934 1054 finistram
960 1002 1227 1067 plantam
1252 1003 1670 1055 Andromedae.
1699 1003 1905 1055 Altero
1932 1003 2026 1055 die
2053 1003 2222 1055 illum
2248 1019 2392 1068 quo-

189 1089 304 1139 que
331 1073 619 1139 conspexi,
649 1073 745 1125 sed
773 1089 897 1125 non
922 1073 1056 1125 satis
1080 1074 1231 1125 bene
1258 1074 1332 1125 ob
1359 1076 1811 1126 intercurrentes
1837 1074 2101 1126 nebulas,
2131 1075 2391 1140 Accepto

186 1147 386 1210 itaque
405 1159 542 1197 meo
563 1144 750 1197 Radio
770 1145 1148 1210 accingebam
1167 1160 1264 1196 me
1285 1145 1361 1197 ad
1381 1145 1770 1197 dimetiendas
1791 1148 1918 1197 eius
1938 1161 1974 1198 a
1993 1148 2201 1198 vicinis
2220 1145 2392 1198 stellis

187 1216 500 1277 distantiaS,
528 1231 661 1268 ecce
680 1232 840 1277 ver0,
869 1216 1147 1281 obtegunt
1165 1215 1315 1267 mihi
1336 1231 1474 1268 eum
1494 1216 1747 1278 nebulae,
1774 1232 1883 1269 nec
1906 1217 2101 1282 postea
2122 1217 2253 1283 alijs
2274 1217 2391 1270 die-

186 1286 297 1340 bus
318 1303 456 1339 eum
475 1287 674 1340 videre
694 1290 876 1352 potui.
897 1286 1080 1339 Aliud
1100 1289 1288 1352 igitur,
1311 1286 1471 1352 quod
1485 1288 1557 1339 de
1573 1302 1644 1339 eo
1662 1287 1923 1349 scribam,
1944 1287 2177 1353 prorsus
2196 1287 2391 1341 habeo

186 1358 353 1420 nihil,
383 1374 577 1424 neque
607 1358 786 1411 ullius
811 1358 1086 1424 scriptum
1112 1359 1184 1410 de
1212 1373 1283 1410 eo
1309 1357 1439 1424 legi,
1469 1373 1665 1423 neque
1691 1359 1894 1411 audivi
1919 1374 1957 1411 a
1982 1362 2266 1424 quopiam
2293 1359 2391 1412 ob-

186 1429 495 1483 servatum.
2375 1460 2378 1461 ν

256 1500 524 1554 Tuarum
542 1501 916 1566 epistolarum
931 1500 1007 1554 ad
1023 1516 1120 1553 me
1139 1500 1339 1566 plures
1358 1499 1571 1562 habe0,
1591 1500 1688 1553 sed
1707 1503 1858 1553 inter
1876 1500 2009 1553 illas
2028 1507 2144 1553 tres
2163 1500 2307 1562 sunt,
2328 1503 2392 1554 in

186 1572 400 1638 quibus
416 1588 653 1625 mecum
666 1575 790 1638 agis
805 1573 877 1625 de
892 1572 1066 1625 rebus
1080 1572 1518 1625 AstronomiciS.
1540 1572 1745 1637 Itaque
1764 1572 2004 1625 illarum
2023 1572 2393 1637 autographa

184 1646 352 1696 mitto
372 1644 448 1697 ad
467 1651 540 1697 te.
568 1644 636 1696 In
659 1644 898 1709 epistola
916 1644 1081 1696 Anni
1104 1644 1189 1705 80,
1217 1650 1282 1696 ut
1299 1644 1540 1705 videbiS,
1568 1643 1892 1696 cancellavi
1917 1643 2227 1704 nonnulla,
2255 1659 2391 1708 quae

184 1715 281 1768 vel
300 1716 624 1768 omittenda
642 1715 738 1767 vel
756 1716 1045 1768 mutanda
1065 1716 1169 1767 esse
1190 1714 1402 1767 censui.
1431 1715 1499 1767 In
1524 1717 1673 1767 meis
1700 1731 1939 1780 quoque
1960 1716 2036 1768 ad
2055 1722 2110 1768 te
2130 1714 2392 1767 tollenda

187 1793 359 1839 erunt
378 1788 671 1852 quaedam,
692 1787 1012 1851 praesertim
1032 1802 1167 1851 quae
1183 1787 1254 1839 de
1269 1786 1654 1839 SCULTETI
1675 1793 1957 1852 concepto
1979 1802 2116 1852 erga
2134 1801 2230 1838 me
2252 1786 2390 1838 odio

184 1865 445 1919 narrant,
476 1865 531 1911 et
556 1858 779 1919 fimilia,
810 1874 946 1923 quae
973 1861 1176 1910 omnia
1201 1864 1322 1910 tuae
1347 1859 1677 1923 prudentiae
1703 1858 1976 1923 relinquo
2002 1858 2263 1910 tollenda
2288 1864 2391 1910 aut

183 1930 487 1982 mutanda.
509 1929 783 1995 Corriges
804 1932 982 1982 etiam
1002 1932 1066 1981 in
1086 1929 1301 1982 eisdem
1321 1932 1469 1982 meis
1486 1929 1562 1981 ad
1578 1936 1651 1991 te,
1673 1945 1821 1994 quas
1835 1929 1931 1982 vel
1946 1944 2083 1981 mea
2095 1944 2282 1981 manu
2294 1928 2391 1981 vel

184 2001 383 2054 aliena
412 2001 616 2066 scripfi,
648 2001 1115 2067 grammaticalia
1144 2001 1422 2065 quaedam
1449 2003 1593 2053 vitia
1623 2016 1728 2065 per
1758 2003 2050 2052 incuriam
2079 2001 2388 2053 commissa.

184 2072 332 2125 Ecce
363 2088 523 2133 vere,
558 2073 700 2125 dum
732 2075 883 2124 inter
914 2087 1079 2124 meas
1111 2072 1343 2124 chartas
1375 2072 1538 2124 aliud
1571 2072 1854 2136 quiddam
1888 2087 2110 2136 quaer0,
2146 2074 2389 2123 invenio

184 2159 371 2196 unam
390 2143 586 2196 adhuc
605 2151 772 2196 tuam
791 2143 1088 2208 epistolam
1110 2146 1303 2195 etiam
1316 2143 1748 2208 propemodum
1762 2143 2037 2204 laceram,
2058 2145 2121 2194 in
2135 2158 2255 2207 qua
2267 2157 2387 2194 me-

184 2231 321 2267 cum
346 2218 469 2281 agis
495 2215 568 2267 de
593 2217 742 2267 meis
768 2215 1287 2274 observationibu8‚
1315 2214 1387 2266 de
1415 2214 1681 2266 distantia
1699 2214 1783 2266 XI
1803 2217 1866 2266 in
1888 2214 2211 2279 Cassiopaea
2230 2229 2268 2266 a
2286 2229 2388 2279 po-

182 2286 310 2347 lari,
334 2286 406 2338 de
427 2286 734 2339 altitudine
754 2286 1086 2338 meridiana
1105 2286 1294 2350 Spicae
1315 2292 1371 2337 et
1391 2286 1462 2337 de
1483 2285 1631 2350 alijs.
1660 2285 1808 2338 Eam
1829 2285 2129 2350 epistolam
2149 2285 2389 2338 describi

184 2360 402 2411 curavi.
422 2357 516 2409 Tu
535 2357 714 2409 facies
734 2373 868 2409 cum
890 2372 978 2418 ea,
999 2356 1138 2409 ficut
1158 2372 1294 2408 cum
1313 2357 1461 2422 alijs,
1482 2372 1590 2422 pro
1609 2364 1712 2408 tuo
1733 2357 1989 2409 arbitrio,

255 2428 375 2481 Sub
404 2428 587 2481 finem
615 2437 734 2481 tuae
764 2427 1035 2493 epistolae,
1069 2431 1132 2480 in
1161 2443 1281 2492 qua
1309 2428 1381 2480 de
1409 2427 1784 2480 luculentiori
1813 2428 2122 2493 Privilegio
2151 2442 2388 2479 mecum

184 2500 414 2566 agebaS,
445 2499 721 2560 addebaS,
750 2506 806 2552 te
836 2499 1175 2564 exemplum
1202 2498 1420 2551 Gallici
1448 2499 1735 2565 Privilegij
1769 2499 1845 2551 ad
1873 2515 1969 2551 me
1998 2501 2241 2551 mittere.
2273 2498 2386 2551 Sed

182 2571 336 2632 scito,
364 2571 598 2623 nullum
623 2570 780 2623 fuisse
806 2573 924 2623 tuis
946 2570 1126 2622 literis
1146 2568 1506 2623 adiunctum.
1536 2570 1628 2623 Ob
1649 2570 1797 2622 alias
1816 2576 1949 2623 tuas
1969 2572 2386 2634 occupationes

182 2643 535 2708 gravissimas
561 2649 616 2694 te
643 2645 770 2694 eius
796 2642 952 2694 fuisse
979 2641 1243 2702 oblitum,
1273 2641 1443 2694 facile
1472 2641 1620 2693 mihi
1646 2641 1986 2706 persuadeo,
2017 2641 2079 2694 Si
2104 2641 2262 2693 illius
2289 2656 2384 2693 ex-

184 2715 450 2779 emplum
468 2713 877 2774 habuissemuS‚
903 2713 1084 2765 fuisset
1102 2713 1240 2765 sane
1260 2713 1430 2765 nobis
1450 2714 1838 2778 gratissimum.
1866 2713 2228 2765 Dedissemus
2249 2727 2384 2776 ope-

182 2801 328 2846 ram,
355 2800 431 2837 ne
456 2785 796 2837 Cael’areum
822 2784 1108 2837 humilius
1133 2784 1443 2849 minusque
1470 2784 1837 2836 luculentum
1860 2783 2039 2836 fieret.
2068 2782 2384 2836 Nihilomi-

182 2872 296 2908 nus
324 2872 449 2908 non
477 2856 598 2908 viso
627 2856 730 2908 illo
762 2855 996 2909 Gallico
1027 2855 1368 2908 Cael'areum
1394 2855 1579 2907 studio
1610 2862 1665 2908 et
1692 2855 1972 2907 industria
2000 2855 2074 2907 D.
2101 2854 2384 2917 CURTIJ,

182 2927 385 2980 habita
409 2931 638 2980 ratione
663 2930 891 2980 virtutis
918 2926 1374 2991 eruditionisque
1400 2933 1537 2986 tuae,
1568 2927 1837 2991 adeoque
1866 2926 2274 2989 indefessorum
2302 2926 2383 2978 la-

180 2997 429 3051 borum
414 3015 477 3050 ιιι
496 2998 847 3051 restituenda
867 3004 922 3050 et
941 2998 1282 3050 illustranda
1298 2997 1690 3059 Astronomia,
1712 3001 1794 3050 ita
1813 2996 2143 3051 confectum
2164 2998 2266 3049 esse
2288 3013 2383 3049 ex-

182 3069 520 3130 istimamuS,
547 3076 612 3122 ut
636 3070 740 3122 tibi
764 3085 888 3121 non
913 3070 1087 3134 posset
1112 3084 1237 3121 non
1264 3069 1366 3121 esse
1392 3069 1567 3134 longe
1592 3070 1981 3135 gratissimum.
2008 3069 2211 3134 Pragae
2237 3068 2384 3120 feria

180 3141 215 3193 2
234 3140 610 3193 Pentecoste&

2094 3422 2162 3489 [E
2183 3425 2381 3477 codice
