2644 4030
289 288 743 342 HAGECIUS
768 288 891 341 AD
917 288 1424 342 TYCHONEM
1451 290 1526 342 30
1553 288 1850 357 NOV.llO
1876 291 2066 344 DEC.
2094 293 2240 346 1589
2312 293 2405 345 221

276 429 436 495 Quid
462 430 846 496 impediverit,
875 432 1035 496 quod
1060 430 1178 484 huc
1197 432 1380 498 usque
1399 435 1625 498 primus
1645 432 1791 486 liber
1809 439 1946 486 tuus
1965 449 2090 487 non
2108 435 2404 500 prodierit,

204 501 420 566 quidve
438 518 597 554 nunc
614 518 737 567 prae
754 503 1030 555 manibus
1047 502 1287 565 habeaS,
1308 510 1372 556 ut
1387 520 1484 557 me
1501 507 1808 557 certiorem
1822 505 2032 558 reddas
2046 522 2405 572 magnopere

203 580 355 638 peto.
388 573 535 625 Mea
566 573 940 627 Mathemata
970 577 1092 627 iam
1124 575 1226 627 diu
1258 575 1558 640 quiescunt
1588 583 1644 628 et
1673 576 1834 641 quali
1862 579 1925 629 in
1954 577 2405 631 DEMOCRITI

126 648 154 691 τ
202 650 381 710 puteo
402 644 599 697 abdita
618 644 816 698 latent.
838 645 899 698 Si
917 645 1066 698 mihi
1087 645 1253 699 Deus
1272 646 1505 713 longius
1524 650 1662 700 vitae
1683 648 2040 701 curriculum
2060 651 2403 711 concesserit‚

132 732 155 766 ⁵
203 717 393 780 cogito
422 718 485 767 in
512 718 661 768 meis
690 716 915 769 aedibus
948 722 1217 770 extruere
1249 718 1514 784 aliquam
1545 718 1857 784 speculam,
1890 720 2048 773 unde
2080 720 2404 786 aliquando

202 786 350 839 astra
369 786 756 852 contemplari
774 788 1004 853 possem.

271 857 486 910 AEstate
512 861 807 923 praeterita
834 866 1062 924 partem
1090 875 1242 913 meae
1269 860 1480 913 domus
1509 877 1784 927 reparare
1814 864 1983 927 coepi.
2013 862 2213 924 Aliud,
2244 863 2404 928 quod

200 928 462 990 scribam,
489 945 614 982 non
640 929 851 982 habeo,
879 930 972 983 De
999 931 1173 983 rebus
1195 931 1441 984 Gallicis
1461 936 1694 985 veriora
1712 949 1820 985 vos
1844 933 1960 986 istic
1982 933 2201 986 habere
2222 934 2403 986 existi-

201 1015 318 1052 mo,
353 1000 450 1052 Ad
482 1016 592 1053 nos
623 1004 791 1054 varia
823 1008 878 1054 et
908 1004 1132 1054 incerta
1163 1002 1492 1055 afferuntur
1521 1006 1686 1057 iuxta
1717 1004 2032 1057 hominum
2063 1003 2405 1058 affeciiones

112 1086 154 1121 10
201 1074 414 1125 varias.
445 1071 596 1124 Illud
623 1074 989 1125 certissimum
1013 1072 1280 1134 habetur,
1311 1074 1450 1140 Regi
1476 1075 1594 1128 huc
1619 1075 1801 1141 usque
1825 1075 2069 1128 feliciter
2092 1076 2402 1129 successisse.

203 1142 470 1196 Genevae
503 1143 864 1196 obsidionem
895 1144 1144 1197 solutam
1179 1152 1439 1207 narrant,
1475 1145 1674 1200 relidta
1704 1154 1905 1199 tamen
1936 1147 2093 1200 fuisse
2127 1148 2405 1212 quaedam

200 1213 470 1280 praefidia
493 1217 557 1267 in
583 1215 898 1277 obsidione,
928 1231 1064 1280 quae
1093 1216 1471 1269 Genevenses
1497 1216 1661 1269 effusi
1687 1234 1760 1270 ex
1789 1218 1934 1270 urbe
1963 1218 2323 1283 dispulerunt
2350 1226 2405 1272 et

200 1301 428 1338 novum
447 1293 845 1339 commeatum
863 1290 927 1339 in
946 1287 1154 1339 urbem
1173 1290 1541 1341 invexerunt.
1563 1288 1730 1341 Deus
1749 1289 1915 1342 suam
1934 1290 2248 1342 Ecclefiam
2268 1306 2403 1343 con-

200 1362 291 1409 tra
314 1363 599 1423 tyrannos
623 1360 847 1423 potenti
871 1358 975 1411 sua
1000 1374 1186 1411 manu
1208 1365 1442 1411 tueatur
1463 1366 1518 1411 et
1537 1359 1827 1413 defendat.
1855 1361 1919 1413 Β.
1933 1361 2003 1413 V.
2023 1364 2107 1413 mi
2126 1363 2403 1414 amantiss.

111 1442 153 1477 ¹⁵
201 1427 499 1482 TYCHO.
521 1429 696 1482 Datae
716 1430 919 1495 Pragae
939 1430 1033 1483 die
1053 1430 1262 1483 ultima
1282 1431 1574 1484 Novemb.
1594 1435 1778 1484 veteri
1796 1432 1938 1498 stylo
1958 1433 2140 1484 Anno
2160 1433 2305 1486 1589.

1891 1526 1959 1580 T.
1979 1527 2260 1580 studiofiss.

1970 1598 2188 1651 THAD.

123 1758 152 1801 ἦ·
202 1757 252 1805 [Ε
272 1759 417 1797 codice
435 1758 757 1797 Vindobonensi
776 1760 844 1797 lat.
869 1759 1040 1806 10686271

100 1871 157 1914 Ἰν
285 1847 965 1922 CLARISSIMO
1009 1849 2319 1941 EXCELLENTISSIMOQUE

105 1967 151 2003 20
323 1951 511 2005 VIRO
539 1952 614 2005 D.
634 1951 1069 2007 THADDAEO
1097 1954 1534 2008 HAGGECIO
1561 1955 1667 2007 AB
1695 1954 1989 2016 HAYCK,
2015 1955 2283 2008 PHILO·

431 2035 747 2088 SOPHIAE
773 2035 873 2088 ET
899 2037 1332 2090 MEDICINAE
1359 2037 1719 2091 DOCTORI
1744 2038 2012 2102 ATQUE
2036 2038 2177 2090 AD-

561 2119 1123 2173 MINISTRATORI
1150 2120 1459 2182 EXIMIO,
1487 2121 1644 2174 SUO
1671 2121 1759 2173 IN
1784 2121 2048 2174 PRIMIS

99 2281 128 2325 4
953 2203 1342 2326 COLENDSO
1368 2204 1656 2257 AMICO.

212 2383 213 2386 ¹
240 2390 329 2422 a
354 2350 503 2426 343-35-321‘
525 2381 540 2424 ὴ
564 2350 598 2417 §.A
629 2355 856 2409 CCEPI
878 2359 1000 2409 iam
1022 2373 1182 2409 nunc
1201 2364 1333 2410 tuas
1352 2357 1566 2420 literaS,
1593 2359 1795 2425 Pragae
1815 2358 2026 2411 ultima
2045 2359 2402 2411 Novembris

241 2411 329 2462 ‘²²³-
346 2427 377 2498 {27
436 2408 495 2452 ·”
596 2455 598 2458 >
628 2427 809 2488 dataS,
840 2443 989 2492 quas
1016 2428 1166 2480 mihi
1194 2429 1546 2495 Hamburgo
1574 2430 1722 2482 mifit
1748 2430 1942 2483 clariss.
1971 2430 2045 2483 D.
2073 2430 2147 2482 D.
2169 2430 2402 2483 VITUS

210 2500 213 2549 Ξ
556 2503 559 2505 ’
595 2521 598 2542 ι
628 2499 1174 2552 WINSHEMIUS.
1197 2500 1462 2566 Intelligo
1474 2508 1674 2553 autem
1686 2504 1856 2566 exijS‚
1871 2501 2400 2554 teadmodumsoli-

229 2599 255 2607 ·<
321 2586 465 2635 ἅμ
529 2582 574 2654 ³³
627 2572 806 2622 citum
833 2571 952 2631 esse,
980 2586 1060 2623 an
1084 2573 1310 2636 priores
1335 2579 1456 2624 tuae
1480 2572 1630 2624 mihi
1649 2573 1890 2625 redditae
1910 2572 2032 2632 fint,
2053 2572 2400 2637 veterisque,

220 2648 493 2741 &Syma
541 2677 583 2711 q,
626 2647 690 2693 ut
715 2657 816 2693 eas
842 2645 1185 2707 receperim;
1213 2643 1465 2708 ideoque
1491 2644 1798 2709 scriptione
1823 2644 2050 2696 tamdiu
2075 2643 2400 2708 supersede-

330 2711 435 2745 ¹
468 2731 471 2734 ·
493 2746 496 2748 v
626 2728 741 2774 am,
773 2713 1094 2777 praesertim
1123 2729 1259 2766 cum
1290 2714 1440 2766 nihil
1469 2731 1574 2780 per
1593 2715 2154 2768 WINSHEMIUM
2188 2715 2263 2767 ad
2294 2730 2401 2767 vos

198 2781 658 2847 proficiscentem
668 2783 1002 2849 scripserim,
1013 2800 1086 2837 ex
1097 2785 1310 2850 quibus
1323 2787 1598 2838 omnibus
1609 2786 1742 2839 satis
1752 2786 2033 2851 perspicio
2044 2786 2402 2838 benevolum

197 2860 368 2906 tuum
395 2869 531 2920 erga
555 2870 652 2907 me
679 2854 955 2908 affectum
981 2862 1037 2908 et
1062 2859 1282 2909 amoris
1308 2857 1512 2909 sinceri
1537 2873 1661 2910 non
1687 2857 1931 2910 obscura
1955 2858 2189 2910 indicia.
2217 2858 2297 2909 At
2321 2860 2400 2923 ig-

198 2925 504 2987 norabam,
518 2928 603 2978 mi
617 2928 997 2979 amantissime
1011 2926 1453 2989 THADDAEE,
1469 2928 2108 2981 D.WINSHEMIUM
2123 2929 2199 2981 ad
2213 2928 2399 2993 Impe-

198 2999 481 3049 ratoriam
495 2997 863 3050 Maiestatem
879 2997 1018 3051 hinc
1032 2999 1233 3064 Legati
1248 3015 1468 3051 munus
1485 3000 1809 3061 sustinuisse,
1831 2999 1978 3052 alias
1999 3016 2123 3052 non
2142 3002 2400 3052 intermi-

104 3084 151 3118 35
198 3066 390 3128 fisscm‚
412 3071 557 3132 quin
576 3069 680 3121 tibi
698 3068 1021 3122 scriberem.
1044 3070 1253 3122 Rarius
1273 3086 1432 3123 nunc
1446 3070 1670 3123 Aulam
1689 3071 1944 3123 nostram
1964 3071 2197 3132 accedo,
2218 3087 2401 3136 quam

198 3141 633 3199 antea,vivente
645 3143 884 3204 optimae
898 3146 953 3192 et
962 3140 1238 3193 laudatiss.
1250 3144 1557 3194 memoriae
1569 3142 1722 3208 Rege
1733 3142 1925 3195 nostro
1937 3142 2399 3203 FREDERICO,

199 3212 302 3274 qui
320 3225 417 3262 me
436 3210 647 3275 saepius
668 3211 927 3263 accersiri
942 3211 1199 3273 curabat,
1217 3219 1281 3265 ut
1294 3213 1505 3265 nolens
1518 3213 1726 3265 volens
1739 3220 1879 3266 tunc
1893 3214 2095 3267 crebro
2109 3214 2286 3266 Aulae
2301 3214 2399 3266 ad-

200 3281 303 3333 esse
324 3296 582 3346 cogerer;
604 3288 663 3334 at
681 3297 841 3335 nunc
854 3282 1152 3336 lubentius
1167 3290 1222 3336 et
1236 3286 1491 3349 quietius
1506 3287 1626 3337 otio
1639 3284 1803 3337 fruor
1815 3284 2221 3350 philosophico
2235 3284 2399 3338 meis-

199 3367 314 3417 que
334 3351 531 3419 Rudijs
550 3368 716 3414 vac0,
743 3369 852 3406 nec
873 3354 1015 3418 quid
1035 3369 1234 3407 rerum
1254 3357 1318 3408 in
1337 3355 1498 3408 Aula
1519 3362 1770 3422 geratur,
1796 3371 2155 3423 magnopere
2176 3371 2398 3479 quaerp.

2207 3428 2342 3480 Faci
2367 3443 2398 3479 e
