2664 4030
288 317 357 368 32
822 314 1261 368 EPISTOLAE
1286 312 1958 369 ASTRONOMICAE

287 455 432 500 isthic
447 467 480 498 a
493 466 581 499 me
599 453 838 499 extructa
858 455 1194 508 deseruerim,
1216 458 1375 510 atque
1395 454 1448 498 in
1468 454 1814 499 Germaniam
1832 467 1921 500 me
1942 467 2066 500 cum
2084 458 2198 500 tota
2218 456 2421 501 familia
2439 460 2492 502 et

288 518 549 570 apparatu
575 514 663 558 illo
688 515 1058 559 Astronomico
1084 515 1417 567 contulerim,
1447 526 1556 559 non
1582 514 1654 559 est
1677 515 1834 559 huius
1862 515 1966 559 loci
1990 515 2205 568 referre,
2235 516 2491 572 nimisque

286 577 503 630 longum
522 574 680 626 foret;
708 574 873 618 habet
891 575 1055 618 etiam
1074 574 1307 619 rationes
1328 585 1424 618 cur
1442 574 1705 618 lubentius
1723 574 1778 618 id
1797 575 2103 619 subticeam.
2133 575 2236 619 Sed
2262 576 2331 619 ad
2356 587 2489 628 rem,

287 638 339 678 et
359 646 424 677 ea
445 646 566 688 quae
586 635 653 677 de
671 634 1013 677 PRATENSE.
1046 634 1261 678 Interim
1281 634 1411 677 dum
1432 644 1528 689 ego
1549 633 1932 678 aedificationes
1952 646 2121 679 novas
2141 635 2195 678 in
2214 634 2384 678 Insula
2403 635 2491 678 illa

288 694 509 746 adorno,
538 696 590 737 et
616 693 684 737 ob
711 693 764 736 id
789 693 961 737 rarius
988 693 1263 736 Haffniam
1289 693 1462 746 venio,
1490 693 1685 737 accidit
1707 696 1765 736 ut
1790 694 2021 748 optimus
2048 697 2099 738 et
2125 693 2490 738 eruditissimus

285 753 371 797 ille
390 753 755 804 PRATENSIS,
778 753 915 808 proh
935 753 1103 805 dolor,
1125 752 1246 796 fatis
1267 752 1587 804 concesserit‚
1609 763 1804 807 magno
1819 752 1893 796 sui
1906 765 2014 798 non
2029 754 2214 797 saltem
2229 754 2371 809 apud
2385 765 2488 807 me,

287 813 375 859 sed
394 815 446 856 et
466 812 599 856 alios
619 824 783 867 quam
801 811 1074 867 plurimos,
1102 811 1282 856 relicto
1304 811 1581 864 desiderio;
1610 814 1726 855 erat
1751 812 1892 856 enim
1919 813 2165 857 omnibus
2186 813 2254 857 ob
2276 824 2491 858 morum

286 872 615 923 suavitatem,
637 871 958 926 probitatem
973 874 1024 915 et
1039 872 1347 924 candorem,
1370 870 1729 926 eximiamque
1742 871 2131 916 humanitatem
2145 872 2489 917 charissimus.

284 931 427 974 Vixit
451 931 495 974 is
522 931 705 974 saltem
730 931 893 985 usque
918 930 971 973 in
995 930 1054 974 32
1080 931 1253 974 aetatis
1280 943 1496 983 annum,
1529 931 1771 986 adeoque
1798 932 1888 975 sub
1914 930 2023 987 ipso
2049 932 2333 976 iuventutis
2357 932 2491 977 flore

285 990 562 1045 expiravit,
589 990 747 1045 idque
773 992 947 1033 morte
973 990 1155 1034 festina
1181 993 1232 1034 et
1256 990 1544 1045 inopinata.
1574 990 1707 1033 Cum
1734 990 1875 1034 enim
1902 991 2207 1046 aliquandiu
2228 991 2489 1036 continuis

286 1049 674 1094 defluxionibus
696 1049 765 1092 ad
783 1051 1065 1104 pulmones
1085 1052 1137 1093 et
1154 1049 1269 1094 tussi
1287 1049 1591 1093 vehementi
1611 1049 1906 1103 laborasset‚
1926 1051 2146 1094 tandem
2159 1051 2213 1094 in
2228 1050 2490 1095 auditorio

283 1109 595 1153 Academiae
628 1109 961 1161 Haffnienfis,
1001 1120 1127 1152 cum
1159 1109 1370 1164 publice
1402 1110 1635 1161 doceret,
1677 1112 1836 1164 atque
1866 1112 1993 1154 tunc
2025 1109 2391 1154 ALCINOUM
2425 1111 2491 1154 de

284 1168 615 1224 Philosophia
635 1169 905 1212 Platonica
925 1169 1229 1223 explicaret,
1259 1169 1325 1212 de
1345 1171 1562 1224 repente
1580 1169 1635 1212 in
1654 1181 1792 1222 eam,
1822 1181 1927 1224 qua
1946 1169 2226 1222 laboravit,
2254 1169 2491 1214 incidens

283 1228 471 1281 tussim,
501 1239 639 1271 vena
670 1228 846 1282 aliqua
873 1228 1153 1272 intrinseca
1185 1228 1257 1271 illi
1288 1228 1652 1283 rumpebatur,
1687 1239 1918 1283 cumque
1948 1228 2251 1284 sanguinem
2281 1229 2492 1284 copiose

284 1300 379 1343 per
398 1288 581 1332 fauces
603 1287 925 1340 effluentem,
954 1300 1094 1343 aqua
1114 1287 1317 1344 frigida,
1346 1300 1509 1343 quam
1535 1288 1740 1332 studiosi
1767 1300 1897 1332 mox
1923 1290 2224 1341 attulerunt,
2253 1300 2318 1332 ea
2343 1288 2491 1332 nimi-

283 1360 404 1391 rum
433 1348 487 1391 in
515 1347 699 1392 fauces
727 1347 974 1391 manibus
1002 1346 1208 1400 iniecta,
1239 1347 1409 1391 sedari
1434 1358 1541 1391 non
1567 1348 1708 1402 posse
1734 1347 2125 1400 animadvertit,
2154 1351 2491 1403 mortemque

284 1407 472 1451 instare
502 1407 740 1460 sentiens,
771 1407 892 1451 haec
920 1407 1107 1450 ultima
1135 1407 1303 1451 verba
1331 1408 1663 1462 prolocutus:
1699 1407 1877 1451 »IESU
1906 1407 2037 1450 FILI
2067 1407 2179 1450 DEI
2208 1407 2368 1460 V1V1,
2399 1407 2492 1451 mi-

285 1467 455 1511 serere
475 1467 596 1519 mei,
619 1470 671 1511 et
690 1467 888 1522 suscipe
908 1466 1147 1510 animam
1167 1478 1394 1519 meam«,
1420 1478 1550 1511 mox
1569 1466 1828 1510 exanimis
1847 1466 2094 1511 manibus
2115 1467 2328 1511 suorum
2349 1467 2492 1511 audi-

282 1530 462 1571 torum
483 1530 752 1581 exceptus,
781 1529 833 1570 et
855 1526 907 1569 in
927 1527 1072 1570 aedes
1095 1527 1212 1570 suas
1233 1527 1469 1570 cadaver
1488 1538 1613 1570 cum
1633 1526 1887 1581 lacrymis
1908 1529 1959 1570 et
1979 1525 2121 1570 luctu
2140 1529 2489 1582 reportatum,

285 1589 444 1641 atque
479 1587 664 1641 paucis
697 1586 811 1641 post
842 1586 1028 1630 diebus
1060 1586 1355 1630 honorifice
1386 1586 1440 1629 in
1469 1587 1671 1641 templo
1705 1587 1912 1629 summo
1947 1585 2180 1630 Haffniae
2214 1586 2487 1641 sepultum.

283 1646 518 1689 Aberam
539 1657 635 1701 ego
655 1648 781 1689 tunc
801 1646 854 1688 in
875 1645 1122 1698 schania,
1146 1657 1320 1700 neque
1340 1646 1460 1689 satis
1482 1646 1586 1689 cito
1608 1646 1674 1689 de
1694 1645 1799 1689 hoc
1820 1646 2049 1689 dolendo
2070 1646 2195 1689 casu
2213 1646 2491 1690 resciscere

283 1705 431 1760 potui
457 1708 515 1748 ut
545 1706 823 1760 sepulturae
852 1704 1161 1748 interessem.
1205 1705 1308 1749 Sed
1339 1704 1695 1757 nihilominus,
1730 1705 1931 1759 aliquot
1961 1705 2074 1760 post
2106 1704 2232 1757 dies,
2266 1716 2393 1749 cum
2424 1717 2491 1749 ex

284 1765 486 1817 dolore,
515 1776 675 1820 quem
696 1765 763 1808 ob
785 1765 1134 1808 immaturam
1154 1767 1206 1808 et
1224 1764 1570 1819 improvisam
1589 1764 1759 1808 intimi
1776 1764 1933 1808 huius
1952 1764 2059 1808 mei
2079 1764 2239 1809 amici
2258 1767 2490 1809 mortem

284 1835 658 1879 conceperam,
686 1835 774 1868 me
794 1824 1123 1879 collegissem‚
1151 1823 1505 1879 Epitaphium,
1534 1824 1678 1879 quod
1696 1823 1768 1866 illi
1786 1824 1928 1876 vivo,
1957 1824 2168 1868 biennio
2196 1827 2353 1868 antea
2373 1835 2491 1879 pro-

284 1883 533 1928 miseram
563 1884 634 1940 (se
666 1883 807 1927 enim
840 1896 948 1928 non
981 1884 1069 1927 diu
1101 1882 1519 1938 supervicturum
1550 1883 1771 1938 ipsemet
1797 1883 1908 1927 iam
1937 1886 2095 1927 antea
2126 1883 2491 1941 praesagiebat)

283 1943 507 1996 confeci,
536 1943 680 1998 quod
705 1943 868 1987 etiam
894 1943 1104 1998 publice
1130 1942 1184 1986 in
1208 1943 1409 1998 templo
1435 1943 1650 1986 laminae
1674 1942 2014 1987 orichalcicae
2039 1943 2300 1986 inauratae
2320 1945 2374 1987 et
2392 1944 2491 1988 ele-

283 2006 467 2058 ganter
492 2003 910 2058 circumquaque
936 2006 1227 2054 exornatae,
1255 2014 1419 2057 quam
1443 2002 1497 2045 in
1523 2013 1616 2046 eos
1640 2002 1761 2046 usus
1782 2004 2051 2057 pararam,
2074 2001 2289 2058 affigere
2309 2002 2491 2047 consti-

281 2066 509 2115 tueram,
540 2062 631 2106 nisi
662 2063 765 2106 alia
792 2063 1045 2117 quaedam
1070 2062 1275 2117 ingrata
1301 2061 1701 2105 intervenissent.
1731 2062 1800 2105 At
1825 2073 1949 2106 cum
1978 2061 2032 2105 in
2060 2061 2216 2106 huius
2244 2062 2490 2118 praestan-

281 2122 452 2166 tissimi
465 2122 579 2173 viri,
602 2122 691 2177 qui
703 2125 855 2177 patre
870 2122 1039 2174 Gallo,
1062 2122 1335 2176 quondam
1351 2120 1767 2164 CHRISTIERNI
1782 2121 2009 2174 secundi,
2032 2122 2310 2166 Danorum
2325 2121 2488 2178 Regis,

283 2181 462 2236 postea
477 2181 689 2237 captivi,
706 2181 1003 2226 Secretario
1015 2181 1068 2224 in
1080 2181 1423 2233 cancellaria,
1436 2181 1512 2224 uti
1522 2180 1767 2234 intellexi,
1779 2180 1999 2233 Gallica,
2009 2184 2181 2225 matre
2192 2192 2321 2226 vero
2334 2181 2489 2225 Dana

283 2241 537 2285 oriundus
551 2244 682 2294 erat,
697 2244 750 2285 et
762 2241 815 2284 in
830 2241 977 2285 omni
988 2240 1336 2296 Philosophiae
1350 2252 1540 2296 genere
1555 2241 1874 2285 excellenter
1886 2240 2139 2293 versatus,
2161 2241 2489 2284 mentionem

282 2301 386 2353 hic,
413 2301 541 2344 data
562 2302 742 2356 opera,
766 2304 824 2344 ut
844 2301 956 2344 eius
975 2300 1298 2344 memoriam
1318 2300 1422 2344 hoc
1443 2301 1564 2344 loco
1585 2301 1898 2353 recolerem,
1925 2299 2100 2352 incidi,
2128 2300 2273 2344 lubet
2291 2300 2396 2344 hoc
2416 2299 2489 2355 ip-

283 2360 414 2413 sum,
436 2361 581 2415 quod
600 2360 648 2404 ei
667 2363 792 2404 tunc
815 2359 1133 2404 concinnavi
1153 2360 1475 2415 Epicedium,
1502 2359 1589 2403 hic
1611 2371 1897 2414 apponere,
1920 2362 2038 2403 utut
2056 2359 2110 2402 id
2129 2362 2279 2404 extra
2298 2371 2490 2415 propo-

283 2419 437 2463 situm
465 2419 760 2472 videbatur,
795 2420 883 2463 sed
912 2431 1228 2474 quacunque
1255 2420 1476 2463 tandem
1505 2419 1710 2463 ratione
1740 2419 1914 2475 eximij
1946 2419 2102 2462 huius
2130 2419 2244 2471 viri,
2277 2419 2488 2474 meique

283 2479 413 2522 dum
438 2479 492 2522 in
517 2478 651 2523 vivis
677 2479 814 2531 esset‚
847 2479 1007 2523 amici
1032 2479 1233 2534 optimi,
1264 2478 1585 2522 memoriam
1611 2478 1942 2531 conservare,
1971 2481 2130 2533 atque
2158 2479 2227 2522 ad
2252 2478 2487 2533 posteros

281 2538 635 2582 transmittere
660 2538 862 2582 licitum
889 2538 1134 2591 arbitror,
1160 2538 1454 2594 praesertim
1481 2535 1501 2597 ΙΙ
1529 2549 1654 2582 cum
1680 2541 1733 2582 et
1755 2538 1800 2581 is
1825 2537 2176 2582 Astronomiae
2202 2538 2392 2595 studijs,
2421 2538 2488 2581 de

284 2598 473 2653 quibus
504 2597 645 2642 hisce
670 2598 905 2653 Epistolis
938 2598 1146 2642 affatim
1178 2597 1362 2653 agitur,
1396 2599 1656 2652 praeclare
1687 2597 1922 2641 imbutus
1954 2597 2124 2641 fuerit.
2160 2597 2293 2649 Quae
2326 2597 2486 2641 etiam

283 2658 466 2701 omnia
486 2658 554 2701 ob
575 2657 630 2701 id
648 2657 734 2701 hic
757 2669 1147 2710 commemoro,
1173 2660 1231 2700 ut
1257 2657 1497 2701 constare
1523 2657 1672 2712 possit
1691 2656 1824 2700 meis
1843 2656 2143 2709 lectoribus,
2172 2658 2260 2711 qui
2286 2656 2487 2700 faistum

283 2717 357 2769 sit,
389 2717 532 2772 quod
560 2728 669 2761 non
695 2719 873 2773 plures
898 2717 952 2761 in
976 2717 1245 2772 posterum
1271 2717 1338 2760 ab
1366 2717 1471 2761 hoc
1499 2715 1803 2761 Doctissimo
1829 2716 2158 2760 PRATENSE
2183 2716 2349 2760 literae
2377 2716 2488 2760 sub-

283 2776 581 2831 sequantur,
600 2788 664 2821 eo
679 2777 928 2821 nimirum
942 2777 1098 2821 nimis
1112 2780 1325 2820 matura
1339 2779 1528 2827 morte,
1552 2777 1695 2831 quod
1709 2777 2013 2828 dolendum,
2034 2775 2187 2819 nobis
2200 2778 2483 2831 praerepto.

284 2835 436 2880 Nunc
459 2836 612 2892 igitur
631 2836 984 2892 Epitaphium,
1012 2837 1078 2880 de
1099 2848 1205 2891 quo
1227 2835 1349 2888 dixi,
1377 2835 1665 2892 subijciam,
1692 2835 1977 2891 posteaque
1997 2835 2066 2879 ad
2085 2835 2216 2878 alias
2236 2835 2485 2890 Epistolas

283 2894 563 2939 doctorum
582 2895 822 2941 virorum
843 2896 1054 2940 aliunde
1073 2895 1205 2940 mihi
1224 2895 1456 2950 scriptas,
1479 2895 1865 2940 continuandas
1885 2906 2118 2950 pergam.

2373 3452 2482 3519 [Ex

2544 995 2587 1031 10

2543 1293 2586 1328 15

2539 1590 2586 1626 20

2538 1888 2585 1923 25
