<?xml version="1.0" encoding="UTF-8"?>
<!DOCTYPE html PUBLIC "-//W3C//DTD XHTML 1.0 Transitional//EN"
    "http://www.w3.org/TR/xhtml1/DTD/xhtml1-transitional.dtd">
<html xmlns="http://www.w3.org/1999/xhtml" xml:lang="en" lang="en">
 <head>
  <title>
</title>
<meta http-equiv="Content-Type" content="text/html;charset=utf-8" />
  <meta name='ocr-system' content='tesseract 3.04.00' />
  <meta name='ocr-capabilities' content='ocr_page ocr_carea ocr_par ocr_line ocrx_word'/>
</head>
<body>
  <div class='ocr_page' id='page_1' title='image "./operaomniaedidit07brahuoft_0178.png"; bbox 0 0 2644 4030; ppageno 0'>
   <div class='ocr_carea' id='block_1_1' title="bbox 223 291 1891 354">
    <p class='ocr_par' dir='ltr' id='par_1_1' title="bbox 223 291 1891 354">
     <span class='ocr_line' id='line_1_1' title="bbox 223 291 1891 354; baseline -0.006 -1"><span class='ocrx_word' id='word_1_1' title='bbox 223 302 314 354; x_wconf 84' lang='lat'><strong>164</strong></span> <span class='ocrx_word' id='word_1_2' title='bbox 422 303 425 305; x_wconf 80' lang='grc'><strong>’</strong></span> <span class='ocrx_word' id='word_1_3' title='bbox 755 294 1195 349; x_wconf 90' lang='lat' dir='ltr'>EPISTOLAE</span> <span class='ocrx_word' id='word_1_4' title='bbox 1220 291 1891 346; x_wconf 87' lang='lat' dir='ltr'><strong>ASTRONOMICAE</strong></span> 
     </span>
    </p>
   </div>
   <div class='ocr_carea' id='block_1_2' title="bbox 222 432 2557 2571">
    <p class='ocr_par' dir='ltr' id='par_1_2' title="bbox 222 432 2557 2571">
     <span class='ocr_line' id='line_1_2' title="bbox 224 432 2427 503; baseline -0.004 -9"><span class='ocrx_word' id='word_1_5' title='bbox 224 440 572 495; x_wconf 92' lang='lat' dir='ltr'>LEMAEUS</span> <span class='ocrx_word' id='word_1_6' title='bbox 584 438 821 503; x_wconf 92' lang='lat' dir='ltr'><strong>eiusque</strong></span> <span class='ocrx_word' id='word_1_7' title='bbox 836 437 1043 503; x_wconf 80' lang='lat' dir='ltr'><strong>posteri</strong></span> <span class='ocrx_word' id='word_1_8' title='bbox 1054 437 1439 489; x_wconf 85' lang='lat' dir='ltr'><strong>annotatione</strong></span> <span class='ocrx_word' id='word_1_9' title='bbox 1451 432 1856 499; x_wconf 89' lang='lat' dir='ltr'><strong>Hipparchica</strong></span> <span class='ocrx_word' id='word_1_10' title='bbox 1867 436 2304 498; x_wconf 90' lang='lat' dir='ltr'><strong>acquieverunt,</strong></span> <span class='ocrx_word' id='word_1_11' title='bbox 2319 433 2427 486; x_wconf 78' lang='lat' dir='ltr'><strong>ha-</strong></span> 
     </span>
     <span class='ocr_line' id='line_1_3' title="bbox 222 504 2423 575; baseline -0.003 -10"><span class='ocrx_word' id='word_1_12' title='bbox 222 515 341 566; x_wconf 91' lang='lat' dir='ltr'><strong>bita</strong></span> <span class='ocrx_word' id='word_1_13' title='bbox 349 512 549 564; x_wconf 90' lang='lat' dir='ltr'><strong>saltem</strong></span> <span class='ocrx_word' id='word_1_14' title='bbox 559 510 948 575; x_wconf 88' lang='lat' dir='ltr'><strong>promotionis</strong></span> <span class='ocrx_word' id='word_1_15' title='bbox 958 510 1136 559; x_wconf 88' lang='lat' dir='ltr'><strong>totius</strong></span> <span class='ocrx_word' id='word_1_16' title='bbox 1145 504 1368 558; x_wconf 72' lang='lat' dir='ltr'><strong>odlavae</strong></span> <span class='ocrx_word' id='word_1_17' title='bbox 1377 505 1622 570; x_wconf 88' lang='lat' dir='ltr'><strong>sphaerae</strong></span> <span class='ocrx_word' id='word_1_18' title='bbox 1634 507 1878 557; x_wconf 91' lang='lat' dir='ltr'><strong>ratione.</strong></span> <span class='ocrx_word' id='word_1_19' title='bbox 1888 504 2146 569; x_wconf 86' lang='lat' dir='ltr'><strong>Ideoque</strong></span> <span class='ocrx_word' id='word_1_20' title='bbox 2155 505 2423 558; x_wconf 91' lang='lat' dir='ltr'>REGIO-</span> 
     </span>
     <span class='ocr_line' id='line_1_4' title="bbox 225 575 2425 641; baseline -0.003 -6"><span class='ocrx_word' id='word_1_21' title='bbox 225 581 680 636; x_wconf 88' lang='lat' dir='ltr'><strong>MONTANUS</strong></span> <span class='ocrx_word' id='word_1_22' title='bbox 695 580 855 632; x_wconf 91' lang='lat' dir='ltr'><strong>hunc</strong></span> <span class='ocrx_word' id='word_1_23' title='bbox 869 580 1122 632; x_wconf 85' lang='lat' dir='ltr'>abacum</span> <span class='ocrx_word' id='word_1_24' title='bbox 1133 576 1450 630; x_wconf 84' lang='lat' dir='ltr'><strong>affixarum</strong></span> <span class='ocrx_word' id='word_1_25' title='bbox 1460 576 1755 628; x_wconf 88' lang='lat' dir='ltr'><strong>stellarum</strong></span> <span class='ocrx_word' id='word_1_26' title='bbox 1765 578 1951 641; x_wconf 88' lang='lat' dir='ltr'><strong>magis</strong></span> <span class='ocrx_word' id='word_1_27' title='bbox 1963 575 2233 628; x_wconf 90' lang='lat' dir='ltr'><strong>divinum</strong></span> <span class='ocrx_word' id='word_1_28' title='bbox 2243 591 2425 640; x_wconf 92' lang='lat' dir='ltr'><strong>quam</strong></span> 
     </span>
     <span class='ocr_line' id='line_1_5' title="bbox 224 646 2426 716; baseline -0.004 -10"><span class='ocrx_word' id='word_1_29' title='bbox 224 655 557 706; x_wconf 87' lang='lat' dir='ltr'><strong>humanum</strong></span> <span class='ocrx_word' id='word_1_30' title='bbox 572 667 721 716; x_wconf 91' lang='lat' dir='ltr'><strong>opus</strong></span> <span class='ocrx_word' id='word_1_31' title='bbox 735 657 906 703; x_wconf 91' lang='lat' dir='ltr'><strong>vocat</strong></span> <span class='ocrx_word' id='word_1_32' title='bbox 921 656 974 702; x_wconf 92' lang='lat' dir='ltr'><strong>et</strong></span> <span class='ocrx_word' id='word_1_33' title='bbox 989 664 1113 701; x_wconf 91' lang='lat' dir='ltr'><strong>non</strong></span> <span class='ocrx_word' id='word_1_34' title='bbox 1128 647 1630 713; x_wconf 90' lang='lat' dir='ltr'><strong>prophanandum</strong></span> <span class='ocrx_word' id='word_1_35' title='bbox 1643 654 1745 699; x_wconf 93' lang='lat' dir='ltr'><strong>aut</strong></span> <span class='ocrx_word' id='word_1_36' title='bbox 1758 647 1936 712; x_wconf 90' lang='lat' dir='ltr'><strong>vulgo</strong></span> <span class='ocrx_word' id='word_1_37' title='bbox 1951 646 2426 699; x_wconf 90' lang='lat' dir='ltr'><strong>concredendum</strong></span> 
     </span>
     <span class='ocr_line' id='line_1_6' title="bbox 223 719 2496 786; baseline -0.004 -9"><span class='ocrx_word' id='word_1_38' title='bbox 223 725 577 777; x_wconf 92' lang='lat' dir='ltr'><strong>thesaurum.</strong></span> <span class='ocrx_word' id='word_1_39' title='bbox 594 724 807 786; x_wconf 88' lang='lat' dir='ltr'><strong>Neque</strong></span> <span class='ocrx_word' id='word_1_40' title='bbox 818 722 878 773; x_wconf 92' lang='lat' dir='ltr'><strong>id</strong></span> <span class='ocrx_word' id='word_1_41' title='bbox 890 723 1032 773; x_wconf 91' lang='lat' dir='ltr'><strong>citra</strong></span> <span class='ocrx_word' id='word_1_42' title='bbox 1043 735 1169 772; x_wconf 94' lang='lat' dir='ltr'><strong>rem</strong></span> <span class='ocrx_word' id='word_1_43' title='bbox 1180 719 1437 772; x_wconf 81' lang='lat' dir='ltr'><strong>ael‘timat.</strong></span> <span class='ocrx_word' id='word_1_44' title='bbox 1453 719 1803 771; x_wconf 91' lang='lat' dir='ltr'><strong>Memineris</strong></span> <span class='ocrx_word' id='word_1_45' title='bbox 1815 721 2009 779; x_wconf 89' lang='lat' dir='ltr'><strong>etiam,</strong></span> <span class='ocrx_word' id='word_1_46' title='bbox 2025 733 2160 783; x_wconf 85' lang='lat' dir='ltr'><strong>quae</strong></span> <span class='ocrx_word' id='word_1_47' title='bbox 2174 724 2229 770; x_wconf 89' lang='lat' dir='ltr'><strong>et</strong></span> <span class='ocrx_word' id='word_1_48' title='bbox 2240 733 2423 783; x_wconf 91' lang='lat' dir='ltr'><strong>quan·</strong></span> <span class='ocrx_word' id='word_1_49' title='bbox 2475 737 2496 770; x_wconf 88' lang='lat'>5</span> 
     </span>
     <span class='ocr_line' id='line_1_7' title="bbox 224 789 2425 854; baseline -0.003 -6"><span class='ocrx_word' id='word_1_50' title='bbox 224 803 282 849; x_wconf 92' lang='lat' dir='ltr'><strong>ta</strong></span> <span class='ocrx_word' id='word_1_51' title='bbox 296 793 825 847; x_wconf 89' lang='lat' dir='ltr'>ARCHIMEDES</span> <span class='ocrx_word' id='word_1_52' title='bbox 838 792 933 844; x_wconf 94' lang='lat' dir='ltr'><strong>vel</strong></span> <span class='ocrx_word' id='word_1_53' title='bbox 946 791 1343 843; x_wconf 84' lang='lat' dir='ltr'><strong>vilissimarum</strong></span> <span class='ocrx_word' id='word_1_54' title='bbox 1364 805 1684 843; x_wconf 86' lang='lat' dir='ltr'><strong>arenarum</strong></span> <span class='ocrx_word' id='word_1_55' title='bbox 1704 789 2005 842; x_wconf 81' lang='lat' dir='ltr'><strong>occasione</strong></span> <span class='ocrx_word' id='word_1_56' title='bbox 2026 789 2279 854; x_wconf 88' lang='lat' dir='ltr'><strong>impulsu</strong></span> <span class='ocrx_word' id='word_1_57' title='bbox 2293 789 2425 842; x_wconf 89' lang='lat' dir='ltr'><strong>GE-</strong></span> 
     </span>
     <span class='ocr_line' id='line_1_8' title="bbox 225 860 2427 929; baseline -0.003 -10"><span class='ocrx_word' id='word_1_58' title='bbox 225 866 460 920; x_wconf 93' lang='lat' dir='ltr'>LONIS</span> <span class='ocrx_word' id='word_1_59' title='bbox 487 865 751 918; x_wconf 75' lang='lat' dir='ltr'><strong>Siculum</strong></span> <span class='ocrx_word' id='word_1_60' title='bbox 778 865 946 929; x_wconf 90' lang='lat' dir='ltr'><strong>Regis</strong></span> <span class='ocrx_word' id='word_1_61' title='bbox 972 863 1143 915; x_wconf 92' lang='lat' dir='ltr'><strong>nobis</strong></span> <span class='ocrx_word' id='word_1_62' title='bbox 1169 861 1485 926; x_wconf 91' lang='lat' dir='ltr'><strong>reliquerit.</strong></span> <span class='ocrx_word' id='word_1_63' title='bbox 1516 862 1609 914; x_wconf 93' lang='lat' dir='ltr'><strong>Sic</strong></span> <span class='ocrx_word' id='word_1_64' title='bbox 1637 863 1815 914; x_wconf 91' lang='lat' dir='ltr'><strong>etiam</strong></span> <span class='ocrx_word' id='word_1_65' title='bbox 1841 860 1989 913; x_wconf 90' lang='lat' dir='ltr'><strong>alias</strong></span> <span class='ocrx_word' id='word_1_66' title='bbox 2015 860 2166 926; x_wconf 87' lang='lat' dir='ltr'><strong>saepe</strong></span> <span class='ocrx_word' id='word_1_67' title='bbox 2194 876 2225 912; x_wconf 91' lang='lat' dir='ltr'><strong>e</strong></span> <span class='ocrx_word' id='word_1_68' title='bbox 2252 860 2427 913; x_wconf 91' lang='lat' dir='ltr'><strong>rebus</strong></span> 
     </span>
     <span class='ocr_line' id='line_1_9' title="bbox 224 931 2427 1001; baseline -0.003 -11"><span class='ocrx_word' id='word_1_69' title='bbox 224 940 484 1000; x_wconf 88' lang='lat' dir='ltr'><strong>minimis</strong></span> <span class='ocrx_word' id='word_1_70' title='bbox 511 951 704 1001; x_wconf 92' lang='lat' dir='ltr'><strong>neque</strong></span> <span class='ocrx_word' id='word_1_71' title='bbox 732 936 834 988; x_wconf 91' lang='lat' dir='ltr'><strong>diu</strong></span> <span class='ocrx_word' id='word_1_72' title='bbox 861 933 1209 987; x_wconf 91' lang='lat' dir='ltr'><strong>durantibus</strong></span> <span class='ocrx_word' id='word_1_73' title='bbox 1236 932 1410 985; x_wconf 91' lang='lat' dir='ltr'><strong>causa</strong></span> <span class='ocrx_word' id='word_1_74' title='bbox 1435 932 1778 985; x_wconf 92' lang='lat' dir='ltr'><strong>hominibus</strong></span> <span class='ocrx_word' id='word_1_75' title='bbox 1799 931 1997 984; x_wconf 92' lang='lat' dir='ltr'><strong>oblata</strong></span> <span class='ocrx_word' id='word_1_76' title='bbox 2017 931 2092 984; x_wconf 93' lang='lat' dir='ltr'><strong>est</strong></span> <span class='ocrx_word' id='word_1_77' title='bbox 2111 931 2284 997; x_wconf 89' lang='lat' dir='ltr'><strong>longe</strong></span> <span class='ocrx_word' id='word_1_78' title='bbox 2303 947 2427 984; x_wconf 91' lang='lat' dir='ltr'><strong>ma-</strong></span> 
     </span>
     <span class='ocr_line' id='line_1_10' title="bbox 225 1002 2430 1089; baseline -0.003 -28"><span class='ocrx_word' id='word_1_79' title='bbox 225 1013 353 1061; x_wconf 92' lang='lat' dir='ltr'><strong>iora</strong></span> <span class='ocrx_word' id='word_1_80' title='bbox 379 1015 433 1061; x_wconf 92' lang='lat' dir='ltr'><strong>et</strong></span> <span class='ocrx_word' id='word_1_81' title='bbox 458 1007 750 1060; x_wconf 89' lang='lat' dir='ltr'><strong>stabiliora</strong></span> <span class='ocrx_word' id='word_1_82' title='bbox 776 1005 1083 1059; x_wconf 87' lang='lat' dir='ltr'><strong>extruendi</strong></span> <span class='ocrx_word' id='word_1_83' title='bbox 1099 1004 1662 1089; x_wconf 73' lang='lat' dir='ltr'><strong>pervestigandique,</strong></span> <span class='ocrx_word' id='word_1_84' title='bbox 1690 1003 1762 1056; x_wconf 91' lang='lat' dir='ltr'><strong>de</strong></span> <span class='ocrx_word' id='word_1_85' title='bbox 1790 1002 2002 1068; x_wconf 89' lang='lat' dir='ltr'><strong>quibus</strong></span> <span class='ocrx_word' id='word_1_86' title='bbox 2022 1019 2182 1055; x_wconf 92' lang='lat' dir='ltr'><strong>nunc</strong></span> <span class='ocrx_word' id='word_1_87' title='bbox 2201 1018 2326 1055; x_wconf 93' lang='lat' dir='ltr'><strong>non</strong></span> <span class='ocrx_word' id='word_1_88' title='bbox 2346 1009 2430 1055; x_wconf 91' lang='lat' dir='ltr'><strong>at-</strong></span> 
     </span>
     <span class='ocr_line' id='line_1_11' title="bbox 225 1073 2523 1145; baseline -0.003 -12"><span class='ocrx_word' id='word_1_89' title='bbox 225 1084 367 1133; x_wconf 89' lang='lat' dir='ltr'><strong>tinet</strong></span> <span class='ocrx_word' id='word_1_90' title='bbox 386 1079 558 1145; x_wconf 91' lang='lat' dir='ltr'><strong>plura</strong></span> <span class='ocrx_word' id='word_1_91' title='bbox 578 1079 785 1131; x_wconf 87' lang='lat' dir='ltr'><strong>dicere.</strong></span> <span class='ocrx_word' id='word_1_92' title='bbox 807 1077 995 1129; x_wconf 91' lang='lat' dir='ltr'><strong>Video</strong></span> <span class='ocrx_word' id='word_1_93' title='bbox 1017 1079 1178 1129; x_wconf 89' lang='lat' dir='ltr'><strong>enim</strong></span> <span class='ocrx_word' id='word_1_94' title='bbox 1196 1091 1293 1138; x_wconf 88' lang='lat' dir='ltr'><strong>me</strong></span> <span class='ocrx_word' id='word_1_95' title='bbox 1312 1078 1434 1128; x_wconf 90' lang='lat' dir='ltr'><strong>iam</strong></span> <span class='ocrx_word' id='word_1_96' title='bbox 1453 1078 1517 1127; x_wconf 94' lang='lat' dir='ltr'><strong>in</strong></span> <span class='ocrx_word' id='word_1_97' title='bbox 1537 1075 1902 1128; x_wconf 91' lang='lat' dir='ltr'><strong>rescribendo</strong></span> <span class='ocrx_word' id='word_1_98' title='bbox 1923 1077 2177 1127; x_wconf 93' lang='lat' dir='ltr'><strong>nimium</strong></span> <span class='ocrx_word' id='word_1_99' title='bbox 2195 1073 2352 1126; x_wconf 86' lang='lat' dir='ltr'><strong>fuisse</strong></span> <span class='ocrx_word' id='word_1_100' title='bbox 2373 1080 2428 1126; x_wconf 91' lang='lat' dir='ltr'><strong>et</strong></span> <span class='ocrx_word' id='word_1_101' title='bbox 2482 1091 2523 1125; x_wconf 93' lang='grc' dir='ltr'><strong>1ο</strong></span> 
     </span>
     <span class='ocr_line' id='line_1_12' title="bbox 227 1133 2429 1217; baseline -0.003 -13"><span class='ocrx_word' id='word_1_102' title='bbox 227 1151 479 1217; x_wconf 84' lang='lat' dir='ltr'><strong>epistolae</strong></span> <span class='ocrx_word' id='word_1_103' title='bbox 512 1150 668 1215; x_wconf 90' lang='lat' dir='ltr'><strong>leges</strong></span> <span class='ocrx_word' id='word_1_104' title='bbox 700 1166 823 1202; x_wconf 93' lang='lat' dir='ltr'><strong>non</strong></span> <span class='ocrx_word' id='word_1_105' title='bbox 855 1163 1069 1214; x_wconf 91' lang='lat' dir='ltr'><strong>parum</strong></span> <span class='ocrx_word' id='word_1_106' title='bbox 1098 1133 1517 1212; x_wconf 89' lang='lat' dir='ltr'><strong>transgressum;</strong></span> <span class='ocrx_word' id='word_1_107' title='bbox 1552 1162 1734 1211; x_wconf 92' lang='lat' dir='ltr'><strong>quam</strong></span> <span class='ocrx_word' id='word_1_108' title='bbox 1762 1148 2242 1199; x_wconf 90' lang='lat' dir='ltr'><strong>immorationem</strong></span> <span class='ocrx_word' id='word_1_109' title='bbox 2271 1148 2429 1210; x_wconf 85' lang='lat' dir='ltr'><strong>aequi</strong></span> 
     </span>
     <span class='ocr_line' id='line_1_13' title="bbox 225 1217 2428 1287; baseline -0.003 -12"><span class='ocrx_word' id='word_1_110' title='bbox 225 1224 484 1287; x_wconf 93' lang='lat' dir='ltr'><strong>bonique</strong></span> <span class='ocrx_word' id='word_1_111' title='bbox 506 1221 790 1280; x_wconf 90' lang='lat' dir='ltr'><strong>consulas,</strong></span> <span class='ocrx_word' id='word_1_112' title='bbox 818 1220 1096 1285; x_wconf 91' lang='lat' dir='ltr'><strong>quodque</strong></span> <span class='ocrx_word' id='word_1_113' title='bbox 1117 1226 1312 1271; x_wconf 91' lang='lat' dir='ltr'><strong>tecum</strong></span> <span class='ocrx_word' id='word_1_114' title='bbox 1333 1219 1404 1270; x_wconf 93' lang='lat' dir='ltr'><strong>de</strong></span> <span class='ocrx_word' id='word_1_115' title='bbox 1425 1218 1537 1271; x_wconf 91' lang='lat' dir='ltr'><strong>hac</strong></span> <span class='ocrx_word' id='word_1_116' title='bbox 1557 1220 1805 1270; x_wconf 89' lang='lat' dir='ltr'><strong>materia</strong></span> <span class='ocrx_word' id='word_1_117' title='bbox 1824 1217 2048 1270; x_wconf 90' lang='lat' dir='ltr'><strong>lubenti</strong></span> <span class='ocrx_word' id='word_1_118' title='bbox 2069 1219 2272 1269; x_wconf 92' lang='lat' dir='ltr'><strong>animo</strong></span> <span class='ocrx_word' id='word_1_119' title='bbox 2293 1232 2428 1269; x_wconf 92' lang='lat' dir='ltr'><strong>con-</strong></span> 
     </span>
     <span class='ocr_line' id='line_1_14' title="bbox 226 1287 2430 1354; baseline -0.003 -8"><span class='ocrx_word' id='word_1_120' title='bbox 226 1295 428 1354; x_wconf 87' lang='lat' dir='ltr'><strong>feram,</strong></span> <span class='ocrx_word' id='word_1_121' title='bbox 451 1292 716 1345; x_wconf 79' lang='lat' dir='ltr'><strong>ascribas,</strong></span> <span class='ocrx_word' id='word_1_122' title='bbox 738 1292 902 1353; x_wconf 92' lang='lat' dir='ltr'><strong>Vale,</strong></span> <span class='ocrx_word' id='word_1_123' title='bbox 925 1298 979 1343; x_wconf 90' lang='lat' dir='ltr'><strong>et</strong></span> <span class='ocrx_word' id='word_1_124' title='bbox 998 1290 1215 1343; x_wconf 93' lang='lat' dir='ltr'><strong>librum</strong></span> <span class='ocrx_word' id='word_1_125' title='bbox 1234 1290 1403 1342; x_wconf 93' lang='lat' dir='ltr'><strong>illum</strong></span> <span class='ocrx_word' id='word_1_126' title='bbox 1423 1290 1510 1341; x_wconf 90' lang='lat' dir='ltr'><strong>M.</strong></span> <span class='ocrx_word' id='word_1_127' title='bbox 1527 1288 1971 1351; x_wconf 90' lang='lat' dir='ltr'><strong>CAMERARIJ</strong></span> <span class='ocrx_word' id='word_1_128' title='bbox 1994 1289 2065 1341; x_wconf 92' lang='lat' dir='ltr'><strong>de</strong></span> <span class='ocrx_word' id='word_1_129' title='bbox 2085 1287 2200 1340; x_wconf 90' lang='grc'>1106</span> <span class='ocrx_word' id='word_1_130' title='bbox 2220 1288 2430 1340; x_wconf 84' lang='grc'>60116111</span> 
     </span>
     <span class='ocr_line' id='line_1_15' title="bbox 229 1360 2431 1426; baseline -0.003 -8"><span class='ocrx_word' id='word_1_131' title='bbox 229 1367 479 1419; x_wconf 91' lang='lat' dir='ltr'><strong>Cometa</strong></span> <span class='ocrx_word' id='word_1_132' title='bbox 496 1363 862 1416; x_wconf 87' lang='lat' dir='ltr'><strong>Francofurti</strong></span> <span class='ocrx_word' id='word_1_133' title='bbox 877 1363 952 1415; x_wconf 90' lang='lat' dir='ltr'><strong>ad</strong></span> <span class='ocrx_word' id='word_1_134' title='bbox 969 1363 1231 1415; x_wconf 93' lang='lat' dir='ltr'><strong>Oderam</strong></span> <span class='ocrx_word' id='word_1_135' title='bbox 1252 1361 1338 1425; x_wconf 94' lang='lat' dir='ltr'><strong>(ut</strong></span> <span class='ocrx_word' id='word_1_136' title='bbox 1357 1360 1524 1425; x_wconf 92' lang='lat' dir='ltr'><strong>puto)</strong></span> <span class='ocrx_word' id='word_1_137' title='bbox 1547 1361 1785 1421; x_wconf 89' lang='lat' dir='ltr'><strong>editum,</strong></span> <span class='ocrx_word' id='word_1_138' title='bbox 1807 1360 1883 1413; x_wconf 92' lang='lat' dir='ltr'><strong>da</strong></span> <span class='ocrx_word' id='word_1_139' title='bbox 1904 1375 2164 1426; x_wconf 85' lang='lat' dir='ltr'><strong>operam,</strong></span> <span class='ocrx_word' id='word_1_140' title='bbox 2186 1366 2250 1411; x_wconf 91' lang='lat' dir='ltr'><strong>ut</strong></span> <span class='ocrx_word' id='word_1_141' title='bbox 2267 1360 2431 1412; x_wconf 91' lang='lat' dir='ltr'><strong>brevi</strong></span> 
     </span>
     <span class='ocr_line' id='line_1_16' title="bbox 227 1430 2525 1500; baseline -0.003 -11"><span class='ocrx_word' id='word_1_142' title='bbox 227 1437 499 1489; x_wconf 89' lang='lat' dir='ltr'><strong>habeam.</strong></span> <span class='ocrx_word' id='word_1_143' title='bbox 530 1436 829 1500; x_wconf 89' lang='lat' dir='ltr'><strong>Cuperem</strong></span> <span class='ocrx_word' id='word_1_144' title='bbox 858 1437 1036 1487; x_wconf 88' lang='lat' dir='ltr'><strong>etiam</strong></span> <span class='ocrx_word' id='word_1_145' title='bbox 1064 1433 1343 1498; x_wconf 84' lang='lat' dir='ltr'><strong>inspicere</strong></span> <span class='ocrx_word' id='word_1_146' title='bbox 1373 1432 1703 1485; x_wconf 91' lang='lat' dir='ltr'>SIMONIS</span> <span class='ocrx_word' id='word_1_147' title='bbox 1730 1448 1767 1484; x_wconf 92' lang='lat' dir='ltr'><strong>a</strong></span> <span class='ocrx_word' id='word_1_148' title='bbox 1793 1431 2034 1495; x_wconf 90' lang='lat' dir='ltr'><strong>Quercu</strong></span> <span class='ocrx_word' id='word_1_149' title='bbox 2058 1431 2333 1496; x_wconf 92' lang='lat' dir='ltr'><strong>scriptum</strong></span> <span class='ocrx_word' id='word_1_150' title='bbox 2358 1430 2430 1482; x_wconf 91' lang='lat' dir='ltr'><strong>de</strong></span> <span class='ocrx_word' id='word_1_151' title='bbox 2485 1446 2525 1480; x_wconf 87' lang='lat'><strong>15</strong></span> 
     </span>
     <span class='ocr_line' id='line_1_17' title="bbox 229 1500 2432 1574; baseline -0.003 -14"><span class='ocrx_word' id='word_1_152' title='bbox 229 1508 589 1574; x_wconf 88' lang='lat' dir='ltr'><strong>quadratura</strong></span> <span class='ocrx_word' id='word_1_153' title='bbox 603 1506 819 1559; x_wconf 88' lang='lat' dir='ltr'><strong>circuli.</strong></span> <span class='ocrx_word' id='word_1_154' title='bbox 836 1506 900 1558; x_wconf 92' lang='lat' dir='ltr'><strong>Id</strong></span> <span class='ocrx_word' id='word_1_155' title='bbox 915 1508 1075 1557; x_wconf 91' lang='lat' dir='ltr'><strong>enim</strong></span> <span class='ocrx_word' id='word_1_156' title='bbox 1088 1505 1358 1557; x_wconf 93' lang='lat' dir='ltr'><strong>nondum</strong></span> <span class='ocrx_word' id='word_1_157' title='bbox 1371 1503 1520 1556; x_wconf 91' lang='lat' dir='ltr'><strong>mihi</strong></span> <span class='ocrx_word' id='word_1_158' title='bbox 1533 1503 1780 1556; x_wconf 89' lang='lat' dir='ltr'><strong>allatum</strong></span> <span class='ocrx_word' id='word_1_159' title='bbox 1795 1503 1884 1555; x_wconf 94' lang='grc'>611.</span> <span class='ocrx_word' id='word_1_160' title='bbox 1902 1502 2079 1566; x_wconf 92' lang='lat' dir='ltr'><strong>Quod</strong></span> <span class='ocrx_word' id='word_1_161' title='bbox 2094 1502 2135 1554; x_wconf 89' lang='lat' dir='ltr'>fi</span> <span class='ocrx_word' id='word_1_162' title='bbox 2148 1504 2272 1554; x_wconf 74' lang='lat' dir='ltr'><strong>una</strong></span> <span class='ocrx_word' id='word_1_163' title='bbox 2284 1500 2432 1554; x_wconf 91' lang='lat' dir='ltr'><strong>mihi</strong></span> 
     </span>
     <span class='ocr_line' id='line_1_18' title="bbox 228 1570 2557 1645; baseline -0.003 -13"><span class='ocrx_word' id='word_1_164' title='bbox 228 1580 652 1645; x_wconf 90' lang='lat' dir='ltr'><strong>procuraveris,</strong></span> <span class='ocrx_word' id='word_1_165' title='bbox 673 1593 800 1629; x_wconf 91' lang='lat' dir='ltr'><strong>rem</strong></span> <span class='ocrx_word' id='word_1_166' title='bbox 819 1577 1023 1630; x_wconf 90' lang='lat' dir='ltr'><strong>feceris</strong></span> <span class='ocrx_word' id='word_1_167' title='bbox 1043 1582 1390 1641; x_wconf 89' lang='lat' dir='ltr'><strong>pergratam.</strong></span> <span class='ocrx_word' id='word_1_168' title='bbox 1413 1575 1630 1627; x_wconf 92' lang='lat' dir='ltr'><strong>Iterum</strong></span> <span class='ocrx_word' id='word_1_169' title='bbox 1645 1570 1666 1643; x_wconf 91' lang='grc' dir='ltr'><strong>ΙΙ</strong></span> <span class='ocrx_word' id='word_1_170' title='bbox 1682 1589 1863 1639; x_wconf 93' lang='lat' dir='ltr'><strong>quam</strong></span> <span class='ocrx_word' id='word_1_171' title='bbox 1880 1574 2191 1626; x_wconf 88' lang='lat' dir='ltr'><strong>felicissime</strong></span> <span class='ocrx_word' id='word_1_172' title='bbox 2204 1573 2355 1634; x_wconf 90' lang='lat' dir='ltr'><strong>vale,</strong></span> <span class='ocrx_word' id='word_1_173' title='bbox 2377 1579 2432 1625; x_wconf 94' lang='lat' dir='ltr'><strong>et</strong></span> <span class='ocrx_word' id='word_1_174' title='bbox 2450 1581 2557 1624; x_wconf 69' lang='grc' dir='ltr'><strong>1015τ</strong></span> 
     </span>
     <span class='ocr_line' id='line_1_19' title="bbox 230 1645 2432 1714; baseline -0.003 -11"><span class='ocrx_word' id='word_1_175' title='bbox 230 1657 366 1703; x_wconf 89' lang='grc'>31116</span> <span class='ocrx_word' id='word_1_176' title='bbox 379 1649 711 1702; x_wconf 92' lang='lat' dir='ltr'><strong>brumalem</strong></span> <span class='ocrx_word' id='word_1_177' title='bbox 724 1649 971 1714; x_wconf 89' lang='lat' dir='ltr'><strong>glaciem</strong></span> <span class='ocrx_word' id='word_1_178' title='bbox 985 1647 1244 1700; x_wconf 86' lang='lat' dir='ltr'><strong>rescribe.</strong></span> <span class='ocrx_word' id='word_1_179' title='bbox 1261 1647 1620 1711; x_wconf 90' lang='lat' dir='ltr'><strong>Uraniburgi</strong></span> <span class='ocrx_word' id='word_1_180' title='bbox 1634 1649 1786 1698; x_wconf 92' lang='lat' dir='ltr'><strong>inter</strong></span> <span class='ocrx_word' id='word_1_181' title='bbox 1799 1645 1947 1698; x_wconf 88' lang='lat' dir='ltr'><strong>alias</strong></span> <span class='ocrx_word' id='word_1_182' title='bbox 1963 1645 2432 1710; x_wconf 88' lang='lat' dir='ltr'><strong>quamplurimas</strong></span> 
     </span>
     <span class='ocr_line' id='line_1_20' title="bbox 231 1715 2432 1808; baseline -0.003 -34"><span class='ocrx_word' id='word_1_183' title='bbox 231 1723 646 1786; x_wconf 91' lang='lat' dir='ltr'><strong>occupationes</strong></span> <span class='ocrx_word' id='word_1_184' title='bbox 674 1720 962 1772; x_wconf 84' lang='lat' dir='ltr'><strong>festinanti</strong></span> <span class='ocrx_word' id='word_1_185' title='bbox 992 1719 1222 1771; x_wconf 91' lang='lat' dir='ltr'><strong>calamo</strong></span> <span class='ocrx_word' id='word_1_186' title='bbox 1252 1724 1382 1770; x_wconf 91' lang='lat' dir='ltr'><strong>utut</strong></span> <span class='ocrx_word' id='word_1_187' title='bbox 1413 1717 1660 1783; x_wconf 87' lang='lat' dir='ltr'><strong>prolixae</strong></span> <span class='ocrx_word' id='word_1_188' title='bbox 1690 1718 1842 1770; x_wconf 84' lang='lat' dir='ltr'><strong>datae</strong></span> <span class='ocrx_word' id='word_1_189' title='bbox 1873 1717 1966 1769; x_wconf 92' lang='lat' dir='ltr'><strong>die</strong></span> <span class='ocrx_word' id='word_1_190' title='bbox 1995 1717 2044 1769; x_wconf 90' lang='lat'><strong>4.</strong></span> <span class='ocrx_word' id='word_1_191' title='bbox 2077 1715 2432 1808; x_wconf 88' lang='lat' dir='ltr'><strong>Novembris</strong></span> 
     </span>
     <span class='ocr_line' id='line_1_21' title="bbox 232 1793 2527 1845; baseline -0.003 0"><span class='ocrx_word' id='word_1_192' title='bbox 232 1795 413 1845; x_wconf 91' lang='lat' dir='ltr'><strong>Anno</strong></span> <span class='ocrx_word' id='word_1_193' title='bbox 434 1793 518 1845; x_wconf 89' lang='lat'><strong>88.</strong></span> <span class='ocrx_word' id='word_1_194' title='bbox 2481 1802 2527 1838; x_wconf 86' lang='lat'><strong>20</strong></span> 
     </span>
     <span class='ocr_line' id='line_1_22' title="bbox 302 1858 2433 1928; baseline -0.003 -12"><span class='ocrx_word' id='word_1_195' title='bbox 302 1863 524 1928; x_wconf 88' lang='lat' dir='ltr'><strong>Quodfi</strong></span> <span class='ocrx_word' id='word_1_196' title='bbox 543 1864 816 1928; x_wconf 91' lang='lat' dir='ltr'><strong>Princeps</strong></span> <span class='ocrx_word' id='word_1_197' title='bbox 836 1862 1017 1915; x_wconf 92' lang='lat' dir='ltr'><strong>vester</strong></span> <span class='ocrx_word' id='word_1_198' title='bbox 1035 1861 1432 1913; x_wconf 85' lang='lat' dir='ltr'><strong>illustrissimus</strong></span> <span class='ocrx_word' id='word_1_199' title='bbox 1452 1860 1647 1913; x_wconf 92' lang='lat' dir='ltr'><strong>adhuc</strong></span> <span class='ocrx_word' id='word_1_200' title='bbox 1672 1874 1964 1926; x_wconf 90' lang='lat' dir='ltr'><strong>papyrum</strong></span> <span class='ocrx_word' id='word_1_201' title='bbox 1991 1858 2255 1924; x_wconf 90' lang='lat' dir='ltr'><strong>aliquam</strong></span> <span class='ocrx_word' id='word_1_202' title='bbox 2280 1874 2433 1911; x_wconf 84' lang='lat' dir='ltr'><strong>meae</strong></span> 
     </span>
     <span class='ocr_line' id='line_1_23' title="bbox 231 1930 2430 2000; baseline -0.003 -13"><span class='ocrx_word' id='word_1_203' title='bbox 231 1935 486 1988; x_wconf 86' lang='lat' dir='ltr'><strong>officinae</strong></span> <span class='ocrx_word' id='word_1_204' title='bbox 517 1941 913 2000; x_wconf 90' lang='lat' dir='ltr'><strong>opportunam</strong></span> <span class='ocrx_word' id='word_1_205' title='bbox 942 1932 1316 1985; x_wconf 84' lang='lat' dir='ltr'><strong>Rostochium</strong></span> <span class='ocrx_word' id='word_1_206' title='bbox 1343 1931 1574 1992; x_wconf 86' lang='lat' dir='ltr'><strong>miserit,</strong></span> <span class='ocrx_word' id='word_1_207' title='bbox 1604 1932 1680 1984; x_wconf 90' lang='lat' dir='ltr'><strong>da</strong></span> <span class='ocrx_word' id='word_1_208' title='bbox 1706 1946 1967 1996; x_wconf 90' lang='lat' dir='ltr'><strong>operam,</strong></span> <span class='ocrx_word' id='word_1_209' title='bbox 1994 1936 2058 1982; x_wconf 92' lang='lat' dir='ltr'><strong>ut</strong></span> <span class='ocrx_word' id='word_1_210' title='bbox 2084 1945 2217 1983; x_wconf 89' lang='lat' dir='ltr'><strong>eam</strong></span> <span class='ocrx_word' id='word_1_211' title='bbox 2244 1930 2317 1983; x_wconf 93' lang='lat' dir='ltr'><strong>ab</strong></span> <span class='ocrx_word' id='word_1_212' title='bbox 2344 1932 2430 1981; x_wconf 91' lang='lat' dir='ltr'><strong>in-</strong></span> 
     </span>
     <span class='ocr_line' id='line_1_24' title="bbox 231 2002 2435 2072; baseline -0.003 -13"><span class='ocrx_word' id='word_1_213' title='bbox 231 2009 384 2059; x_wconf 93' lang='lat' dir='ltr'><strong>iuria</strong></span> <span class='ocrx_word' id='word_1_214' title='bbox 403 2006 632 2072; x_wconf 87' lang='lat' dir='ltr'><strong>hyemis</strong></span> <span class='ocrx_word' id='word_1_215' title='bbox 654 2011 708 2057; x_wconf 94' lang='lat' dir='ltr'><strong>et</strong></span> <span class='ocrx_word' id='word_1_216' title='bbox 727 2005 1067 2070; x_wconf 89' lang='lat' dir='ltr'><strong>pluviarum</strong></span> <span class='ocrx_word' id='word_1_217' title='bbox 1082 2010 1271 2056; x_wconf 90' lang='lat' dir='ltr'><strong>tutam</strong></span> <span class='ocrx_word' id='word_1_218' title='bbox 1288 2018 1471 2068; x_wconf 92' lang='lat' dir='ltr'><strong>quam</strong></span> <span class='ocrx_word' id='word_1_219' title='bbox 1489 2004 1739 2055; x_wconf 86' lang='lat' dir='ltr'><strong>citissime</strong></span> <span class='ocrx_word' id='word_1_220' title='bbox 1754 2004 2051 2067; x_wconf 91' lang='lat' dir='ltr'><strong>recipiam.</strong></span> <span class='ocrx_word' id='word_1_221' title='bbox 2073 2002 2235 2067; x_wconf 90' lang='lat' dir='ltr'><strong>Rogo</strong></span> <span class='ocrx_word' id='word_1_222' title='bbox 2256 2003 2435 2053; x_wconf 93' lang='lat' dir='ltr'><strong>etiam</strong></span> 
     </span>
     <span class='ocr_line' id='line_1_25' title="bbox 231 2072 2432 2143; baseline -0.003 -13"><span class='ocrx_word' id='word_1_223' title='bbox 231 2084 620 2143; x_wconf 90' lang='lat' dir='ltr'><strong>peramanter,</strong></span> <span class='ocrx_word' id='word_1_224' title='bbox 647 2076 793 2129; x_wconf 93' lang='lat' dir='ltr'><strong>velis</strong></span> <span class='ocrx_word' id='word_1_225' title='bbox 819 2092 978 2128; x_wconf 93' lang='lat' dir='ltr'><strong>nunc</strong></span> <span class='ocrx_word' id='word_1_226' title='bbox 1004 2076 1191 2128; x_wconf 88' lang='grc'>11311111</span> <span class='ocrx_word' id='word_1_227' title='bbox 1216 2075 1292 2127; x_wconf 92' lang='lat' dir='ltr'><strong>ad</strong></span> <span class='ocrx_word' id='word_1_228' title='bbox 1318 2090 1414 2127; x_wconf 95' lang='lat' dir='ltr'><strong>me</strong></span> <span class='ocrx_word' id='word_1_229' title='bbox 1441 2073 1726 2127; x_wconf 90' lang='lat' dir='ltr'><strong>artificem</strong></span> <span class='ocrx_word' id='word_1_230' title='bbox 1752 2073 2013 2138; x_wconf 90' lang='lat' dir='ltr'><strong>aliquem</strong></span> <span class='ocrx_word' id='word_1_231' title='bbox 2033 2072 2432 2132; x_wconf 90' lang='lat' dir='ltr'><strong>transmittere,</strong></span> 
     </span>
     <span class='ocr_line' id='line_1_26' title="bbox 232 2143 2531 2214; baseline -0.003 -13"><span class='ocrx_word' id='word_1_232' title='bbox 232 2152 333 2214; x_wconf 92' lang='lat' dir='ltr'><strong>qui</strong></span> <span class='ocrx_word' id='word_1_233' title='bbox 353 2149 650 2213; x_wconf 91' lang='lat' dir='ltr'><strong>sculpendi</strong></span> <span class='ocrx_word' id='word_1_234' title='bbox 671 2150 734 2200; x_wconf 92' lang='lat' dir='ltr'><strong>in</strong></span> <span class='ocrx_word' id='word_1_235' title='bbox 753 2148 912 2214; x_wconf 91' lang='lat' dir='ltr'><strong>ligno</strong></span> <span class='ocrx_word' id='word_1_236' title='bbox 934 2153 1120 2199; x_wconf 94' lang='lat' dir='ltr'><strong>artem</strong></span> <span class='ocrx_word' id='word_1_237' title='bbox 1141 2146 1493 2198; x_wconf 83' lang='lat' dir='ltr'><strong>excellenter</strong></span> <span class='ocrx_word' id='word_1_238' title='bbox 1512 2145 1737 2198; x_wconf 90' lang='lat' dir='ltr'><strong>calleat.</strong></span> <span class='ocrx_word' id='word_1_239' title='bbox 1758 2144 1890 2197; x_wconf 91' lang='lat' dir='ltr'><strong>Tali</strong></span> <span class='ocrx_word' id='word_1_240' title='bbox 1911 2147 2071 2196; x_wconf 91' lang='lat' dir='ltr'><strong>enim</strong></span> <span class='ocrx_word' id='word_1_241' title='bbox 2098 2159 2202 2209; x_wconf 93' lang='lat' dir='ltr'><strong>per</strong></span> <span class='ocrx_word' id='word_1_242' title='bbox 2226 2143 2434 2209; x_wconf 88' lang='lat' dir='ltr'><strong>hyber-</strong></span> <span class='ocrx_word' id='word_1_243' title='bbox 2485 2160 2531 2194; x_wconf 84' lang='lat'><strong>2⁵</strong></span> 
     </span>
     <span class='ocr_line' id='line_1_27' title="bbox 232 2215 2434 2284; baseline -0.003 -11"><span class='ocrx_word' id='word_1_244' title='bbox 232 2236 379 2273; x_wconf 93' lang='lat' dir='ltr'><strong>num</strong></span> <span class='ocrx_word' id='word_1_245' title='bbox 404 2227 636 2284; x_wconf 91' lang='lat' dir='ltr'><strong>tempus</strong></span> <span class='ocrx_word' id='word_1_246' title='bbox 663 2226 718 2271; x_wconf 91' lang='lat' dir='ltr'><strong>et</strong></span> <span class='ocrx_word' id='word_1_247' title='bbox 743 2219 889 2271; x_wconf 90' lang='lat' dir='ltr'><strong>forte</strong></span> <span class='ocrx_word' id='word_1_248' title='bbox 918 2221 1096 2271; x_wconf 90' lang='lat' dir='ltr'><strong>etiam</strong></span> <span class='ocrx_word' id='word_1_249' title='bbox 1121 2224 1243 2270; x_wconf 91' lang='lat' dir='ltr'><strong>tota</strong></span> <span class='ocrx_word' id='word_1_250' title='bbox 1269 2217 1461 2270; x_wconf 83' lang='lat' dir='ltr'><strong>aestate</strong></span> <span class='ocrx_word' id='word_1_251' title='bbox 1485 2232 1636 2282; x_wconf 91' lang='lat' dir='ltr'><strong>opus</strong></span> <span class='ocrx_word' id='word_1_252' title='bbox 1655 2216 1849 2269; x_wconf 92' lang='lat' dir='ltr'><strong>habeo</strong></span> <span class='ocrx_word' id='word_1_253' title='bbox 1871 2215 1946 2268; x_wconf 95' lang='lat' dir='ltr'><strong>ob</strong></span> <span class='ocrx_word' id='word_1_254' title='bbox 1965 2215 2184 2281; x_wconf 87' lang='lat' dir='ltr'><strong>figuras</strong></span> <span class='ocrx_word' id='word_1_255' title='bbox 2202 2221 2331 2267; x_wconf 93' lang='lat' dir='ltr'><strong>tum</strong></span> <span class='ocrx_word' id='word_1_256' title='bbox 2349 2217 2434 2267; x_wconf 93' lang='lat' dir='ltr'><strong>in-</strong></span> 
     </span>
     <span class='ocr_line' id='line_1_28' title="bbox 232 2286 2434 2354; baseline -0.003 -10"><span class='ocrx_word' id='word_1_257' title='bbox 232 2292 684 2344; x_wconf 90' lang='lat' dir='ltr'><strong>strumentorum</strong></span> <span class='ocrx_word' id='word_1_258' title='bbox 703 2298 829 2343; x_wconf 94' lang='lat' dir='ltr'><strong>tum</strong></span> <span class='ocrx_word' id='word_1_259' title='bbox 850 2290 1104 2342; x_wconf 91' lang='lat' dir='ltr'><strong>aliarum</strong></span> <span class='ocrx_word' id='word_1_260' title='bbox 1124 2289 1589 2354; x_wconf 80' lang='lat' dir='ltr'><strong>designationum</strong></span> <span class='ocrx_word' id='word_1_261' title='bbox 1608 2290 1804 2340; x_wconf 90' lang='lat' dir='ltr'><strong>varias</strong></span> <span class='ocrx_word' id='word_1_262' title='bbox 1829 2287 1989 2352; x_wconf 90' lang='lat' dir='ltr'><strong>ligno</strong></span> <span class='ocrx_word' id='word_1_263' title='bbox 2010 2286 2434 2352; x_wconf 81' lang='lat' dir='ltr'><strong>insculpendaS,</strong></span> 
     </span>
     <span class='ocr_line' id='line_1_29' title="bbox 234 2359 2436 2428; baseline -0.002 -14"><span class='ocrx_word' id='word_1_264' title='bbox 234 2379 368 2428; x_wconf 90' lang='lat' dir='ltr'><strong>quae</strong></span> <span class='ocrx_word' id='word_1_265' title='bbox 386 2363 582 2427; x_wconf 90' lang='lat' dir='ltr'><strong>postea</strong></span> <span class='ocrx_word' id='word_1_266' title='bbox 594 2362 1004 2426; x_wconf 86' lang='lat' dir='ltr'><strong>imprimendae</strong></span> <span class='ocrx_word' id='word_1_267' title='bbox 1018 2363 1275 2413; x_wconf 91' lang='lat' dir='ltr'><strong>veniant.</strong></span> <span class='ocrx_word' id='word_1_268' title='bbox 1298 2360 1359 2413; x_wconf 95' lang='lat' dir='ltr'><strong>Si</strong></span> <span class='ocrx_word' id='word_1_269' title='bbox 1372 2362 1572 2425; x_wconf 89' lang='lat' dir='ltr'><strong>itaque</strong></span> <span class='ocrx_word' id='word_1_270' title='bbox 1587 2359 1871 2412; x_wconf 89' lang='lat' dir='ltr'><strong>eiusmodi</strong></span> <span class='ocrx_word' id='word_1_271' title='bbox 1885 2359 2193 2411; x_wconf 91' lang='lat' dir='ltr'><strong>hominem</strong></span> <span class='ocrx_word' id='word_1_272' title='bbox 2207 2364 2436 2410; x_wconf 92' lang='lat' dir='ltr'><strong>mature</strong></span> 
     </span>
     <span class='ocr_line' id='line_1_30' title="bbox 233 2428 2437 2499; baseline -0.003 -13"><span class='ocrx_word' id='word_1_273' title='bbox 233 2436 640 2499; x_wconf 91' lang='lat' dir='ltr'><strong>procuraveris</strong></span> <span class='ocrx_word' id='word_1_274' title='bbox 661 2440 716 2485; x_wconf 90' lang='lat' dir='ltr'><strong>et</strong></span> <span class='ocrx_word' id='word_1_275' title='bbox 734 2436 926 2498; x_wconf 91' lang='lat' dir='ltr'><strong>prima</strong></span> <span class='ocrx_word' id='word_1_276' title='bbox 947 2448 1184 2498; x_wconf 91' lang='lat' dir='ltr'><strong>quaque</strong></span> <span class='ocrx_word' id='word_1_277' title='bbox 1203 2431 1504 2484; x_wconf 85' lang='lat' dir='ltr'><strong>occasione</strong></span> <span class='ocrx_word' id='word_1_278' title='bbox 1525 2430 1641 2483; x_wconf 92' lang='lat' dir='ltr'><strong>huc</strong></span> <span class='ocrx_word' id='word_1_279' title='bbox 1661 2430 1898 2491; x_wconf 83' lang='lat' dir='ltr'><strong>miseriS,</strong></span> <span class='ocrx_word' id='word_1_280' title='bbox 1920 2445 2046 2482; x_wconf 93' lang='lat' dir='ltr'><strong>rem</strong></span> <span class='ocrx_word' id='word_1_281' title='bbox 2065 2429 2270 2482; x_wconf 91' lang='lat' dir='ltr'><strong>feceris</strong></span> <span class='ocrx_word' id='word_1_282' title='bbox 2289 2428 2437 2481; x_wconf 93' lang='lat' dir='ltr'><strong>mihi</strong></span> 
     </span>
     <span class='ocr_line' id='line_1_31' title="bbox 234 2501 2532 2571; baseline -0.003 -13"><span class='ocrx_word' id='word_1_283' title='bbox 234 2520 591 2571; x_wconf 90' lang='lat' dir='ltr'><strong>magnopere</strong></span> <span class='ocrx_word' id='word_1_284' title='bbox 602 2511 827 2571; x_wconf 92' lang='lat' dir='ltr'><strong>gratam</strong></span> <span class='ocrx_word' id='word_1_285' title='bbox 840 2511 894 2557; x_wconf 94' lang='lat' dir='ltr'><strong>et</strong></span> <span class='ocrx_word' id='word_1_286' title='bbox 905 2506 1180 2557; x_wconf 76' lang='lat' dir='ltr'><strong>amicitiae</strong></span> <span class='ocrx_word' id='word_1_287' title='bbox 1195 2503 1403 2555; x_wconf 83' lang='lat' dir='ltr'><strong>nostrae</strong></span> <span class='ocrx_word' id='word_1_288' title='bbox 1418 2505 1884 2555; x_wconf 91' lang='lat' dir='ltr'><strong>convenientem.</strong></span> <span class='ocrx_word' id='word_1_289' title='bbox 1901 2501 1994 2554; x_wconf 92' lang='lat' dir='ltr'><strong>De</strong></span> <span class='ocrx_word' id='word_1_290' title='bbox 2007 2501 2276 2553; x_wconf 91' lang='lat' dir='ltr'><strong>mercede</strong></span> <span class='ocrx_word' id='word_1_291' title='bbox 2291 2502 2434 2560; x_wconf 85' lang='lat' dir='ltr'><strong>eiuS,</strong></span> <span class='ocrx_word' id='word_1_292' title='bbox 2486 2515 2532 2550; x_wconf 85' lang='lat'><strong>30</strong></span> 
     </span>
    </p>
   </div>
   <div class='ocr_carea' id='block_1_3' title="bbox 235 2572 2436 2700">
    <p class='ocr_par' dir='ltr' id='par_1_3' title="bbox 235 2572 2436 2700">
     <span class='ocr_line' id='line_1_32' title="bbox 235 2572 2436 2700; baseline -0.003 -71"><span class='ocrx_word' id='word_1_293' title='bbox 235 2577 335 2700; x_wconf 53' lang='lat' dir='ltr'><strong>fibi</strong></span> <span class='ocrx_word' id='word_1_294' title='bbox 356 2577 676 2637; x_wconf 90' lang='lat' dir='ltr'><strong>advenerit,</strong></span> <span class='ocrx_word' id='word_1_295' title='bbox 697 2576 867 2629; x_wconf 90' lang='lat' dir='ltr'><strong>facile</strong></span> <span class='ocrx_word' id='word_1_296' title='bbox 888 2579 1039 2628; x_wconf 93' lang='lat' dir='ltr'><strong>inter</strong></span> <span class='ocrx_word' id='word_1_297' title='bbox 1058 2591 1168 2627; x_wconf 93' lang='lat' dir='ltr'><strong>nos</strong></span> <span class='ocrx_word' id='word_1_298' title='bbox 1188 2577 1514 2627; x_wconf 88' lang='lat' dir='ltr'><strong>conveniet.</strong></span> <span class='ocrx_word' id='word_1_299' title='bbox 1537 2574 1597 2627; x_wconf 94' lang='lat' dir='ltr'><strong>Si</strong></span> <span class='ocrx_word' id='word_1_300' title='bbox 1612 2573 1753 2638; x_wconf 91' lang='lat' dir='ltr'><strong>quid</strong></span> <span class='ocrx_word' id='word_1_301' title='bbox 1769 2572 2104 2638; x_wconf 87' lang='lat' dir='ltr'><strong>exposueris</strong></span> <span class='ocrx_word' id='word_1_302' title='bbox 2117 2573 2330 2632; x_wconf 89' lang='lat' dir='ltr'><strong>viatici,</strong></span> <span class='ocrx_word' id='word_1_303' title='bbox 2350 2586 2436 2623; x_wconf 94' lang='lat' dir='ltr'><strong>re-</strong></span> 
     </span>
     <span class='ocr_line' id='line_1_33' title="bbox 277 2651 479 2700; baseline 0.005 -1"><span class='ocrx_word' id='word_1_304' title='bbox 277 2651 479 2700; x_wconf 91' lang='lat' dir='ltr'><strong>ituam.</strong></span> 
     </span>
    </p>
   </div>
   <div class='ocr_carea' id='block_1_4' title="bbox 2175 3423 2439 3475">
    <p class='ocr_par' dir='ltr' id='par_1_4' title="bbox 2175 3423 2439 3475">
     <span class='ocr_line' id='line_1_34' title="bbox 2175 3423 2439 3475; baseline -0.004 0"><span class='ocrx_word' id='word_1_305' title='bbox 2175 3424 2221 3475; x_wconf 94' lang='lat' dir='ltr'><strong>E</strong></span> <span class='ocrx_word' id='word_1_306' title='bbox 2242 3423 2439 3475; x_wconf 92' lang='lat' dir='ltr'><strong>codice</strong></span> 
     </span>
    </p>
   </div>
  </div>
 </body>
</html>
