2632 4022
235 291 341 342 380
771 288 1211 341 EPISTOLAE
1235 287 1908 340 ASTRONOMICAE

235 431 409 495 ipsius
431 430 620 483 Celfit.
645 433 900 495 ingenue
928 429 1193 481 conferre
1221 435 1276 481 et
1303 432 1709 481 continuatam
1735 429 1962 482 servare
1989 431 2440 496 corresponden-

234 506 379 554 tiam
395 502 502 565 (uti
516 500 752 564 vocant)
769 516 1153 565 nequaquam
1166 501 1600 565 tergiversabor.
1622 502 1871 566 Agoque
1886 501 2061 567 ipfius
2076 502 2265 555 Celfit.
2280 519 2440 555 reve-

236 579 430 625 renter
450 574 681 637 gratiaS,
704 572 864 636 quod
883 587 980 623 me
1000 578 1123 623 tam
1143 571 1460 624 clementer
1480 572 1556 624 ad
1575 572 1731 624 hanc
1750 579 2023 626 mutuam
2043 577 2440 627 communica-

235 647 458 696 tionem
478 646 697 695 invitet.
721 642 839 695 Ubi
860 650 1060 695 autem
1080 646 1146 703 is,
1169 658 1348 707 quem
1365 643 1440 695 ad
1457 659 1554 695 me
1574 643 1689 696 hoc
1702 647 1945 696 nomine
1961 643 2233 711 ablegare
2248 646 2441 698 decre-

235 718 333 775 vit,
355 714 471 766 huc
486 716 784 775 accesserit,
807 721 862 766 et
880 730 968 774 ea,
990 715 1061 766 de
1077 714 1292 778 quibus
1305 714 1480 779 ipsius
1496 714 1685 767 Celfit.
1701 730 1938 767 mecum
1951 731 2123 781 agere
2138 717 2441 778 constituit,
2492 735 2514 770 ⁵

235 787 531 851 speciatim
560 786 922 845 indicaverit,
951 785 1132 837 libere
1160 792 1215 837 et
1240 785 1509 838 lubenter
1535 786 1611 838 ad
1637 786 1755 847 illa,
1787 793 2077 851 quantum
2104 790 2167 839 in
2191 803 2288 840 me
2318 791 2442 849 erit,

236 856 614 921 respondebo.
646 857 714 908 In
743 856 1184 909 Mathematicis
1212 863 1266 908 et
1291 857 1712 910 Astronomicis
1740 857 1874 910 satis
1903 865 2120 923 aperte,
2150 866 2444 923 quatenus

237 944 308 980 ea
328 934 464 980 ante
486 943 735 992 operum
755 928 1085 980 nostrorum
1111 927 1443 993 plenariam
1464 929 1784 981 editionem
1803 929 1910 981 ulli
1935 930 2265 995 patefacere
2287 946 2442 983 com-

235 1000 482 1052 modum
495 998 685 1060 fuerit,
707 1002 771 1051 in
785 999 1095 1064 Spagiricis
1109 1015 1252 1051 vero
1266 998 1429 1060 tecte,
1450 1015 1543 1061 ne,
1564 1000 1606 1051 fi
1626 1016 1697 1052 ea
1714 1003 1778 1052 in
1795 1000 2051 1054 aliorum
2070 1004 2444 1067 pervenirent

235 1086 468 1132 manuS,
496 1071 733 1136 indigne
755 1074 887 1135 quis
911 1073 982 1136 ijs
1005 1071 1168 1123 abuti
1189 1072 1364 1136 possit.
1392 1071 1587 1124 Satius
1613 1074 1812 1136 itaque
1839 1072 2052 1133 iudice,
2080 1079 2182 1125 aut
2207 1089 2312 1138 per
2338 1075 2442 1125 cir·
2497 1091 2540 1126 10

237 1142 702 1195 cumlocutiones
738 1142 1021 1207 quasdam
1057 1158 1322 1203 arcanas,
1361 1148 1464 1195 aut
1497 1143 1795 1195 mediante
1830 1143 2147 1208 alphabeto
2183 1145 2445 1209 quodam

235 1214 536 1279 peculiari,
563 1213 734 1266 nobis
753 1213 888 1266 solis
911 1216 1166 1266 invicem
1187 1217 1419 1279 cognito
1439 1214 1499 1266 id
1518 1214 1793 1279 praestari,
1813 1215 1910 1266 vel
1930 1231 2305 1280 quacumque
2326 1215 2447 1268 alia

236 1288 481 1338 ratione.
510 1285 648 1348 Qua
672 1285 744 1337 de
771 1301 833 1337 re
859 1285 1100 1349 ipsemet
1120 1285 1291 1338 IlluR.
1313 1286 1605 1350 PrincepS,
1632 1292 1808 1351 prout
1826 1286 2096 1348 voluerit,
2124 1287 2444 1347 constituat,

238 1363 293 1409 et
311 1359 374 1408 in
393 1356 590 1417 literiS‚
613 1372 762 1421 quas
781 1356 837 1408 se
857 1356 1006 1408 mihi
1026 1373 1163 1409 cum
1182 1357 1286 1409 suo
1306 1357 1409 1409 illo
1429 1360 1651 1409 nuncio
1671 1358 1834 1410 brevi
1851 1357 2304 1423 perscripturum
2320 1358 2443 1423 pol-

236 1428 457 1488 licetur,
487 1428 700 1492 quibus
726 1429 936 1494 medijs
963 1435 1139 1493 atque
1166 1429 1397 1494 indicijs
1418 1429 1477 1480 id
1497 1428 1625 1480 fieri
1645 1428 1818 1489 volet,
1845 1429 2077 1490 indicet,
2105 1435 2160 1481 et
2179 1429 2220 1481 fi
2240 1429 2443 1494 alpha-
2498 1447 2540 1482 15

235 1500 437 1552 betum
467 1500 768 1564 quoddam
796 1499 1078 1552 secretum
1107 1499 1204 1552 vel
1231 1500 1736 1564 transpositionem
1766 1500 2071 1552 literarum
2103 1501 2446 1553 usitatarum

238 1571 488 1636 elegerit,
516 1571 575 1622 id
603 1571 1017 1636 qualecunque
1042 1574 1164 1632 erit,
1186 1587 1223 1623 a
1241 1571 1439 1636 seipso
1460 1578 1661 1624 tamen
1681 1588 1805 1623 non
1825 1572 1957 1637 alijs
1978 1574 2370 1638 excogitatum
2392 1579 2446 1624 et

238 1642 453 1706 absque
474 1642 599 1694 ulla
618 1642 1028 1707 propalatione
1047 1642 1248 1707 suapte
1269 1658 1456 1695 manu
1476 1645 1539 1694 in
1558 1642 1770 1695 scheda
1791 1643 2126 1704 conscribat,
2153 1643 2446 1708 literisque

239 1712 501 1765 adiutum
520 1714 798 1775 includat,
821 1720 876 1766 et
893 1729 1036 1765 mox
1056 1714 1296 1778 ipsemet
1311 1714 1618 1779 consignet.
1641 1715 1803 1767 Idem
1819 1730 1926 1780 ego
1940 1716 2175 1767 vicissim
2188 1713 2446 1768 facturus

237 1785 381 1845 sum,
409 1788 731 1850 omniaque
752 1791 816 1837 ut
835 1788 1111 1849 utrinque
1131 1788 1195 1837 in
1214 1785 1438 1837 silentio
1459 1801 1679 1837 arcano
1702 1789 2131 1847 contineantur,
2159 1787 2447 1839 necessum
2496 1803 2542 1838 20

240 1862 294 1908 et
320 1857 642 1909 admodum
675 1859 780 1908 erit
807 1856 1152 1908 consultum.
1183 1857 1457 1909 Libenter
1485 1857 1747 1909 intellexi
1775 1857 1951 1922 ipfius
1979 1857 2168 1910 Celfit.
2195 1857 2350 1910 ultra
2376 1858 2448 1909 22

239 1943 430 1980 annos
460 1927 599 1979 huic
626 1930 845 1979 eximio
873 1934 928 1980 et
953 1944 1173 1980 arcano
1199 1927 1384 1980 studio
1411 1928 1710 1993 Spagirico
1736 1928 1972 1980 solerter
2002 1929 2354 1993 impendisse,
2384 1932 2448 1981 in

240 2015 358 2063 quo
387 2005 442 2051 et
469 2015 576 2064 ego
603 1999 672 2051 28
698 2001 819 2051 iam
840 2014 1033 2051 annos
1052 1999 1189 2051 inde
1211 2000 1285 2052 ab
1307 2002 1495 2052 aetatis
1515 2015 1677 2052 anno
1697 2000 1767 2052 22
1786 2000 2046 2053 versatus
2071 2000 2217 2061 sum,
2245 2016 2446 2065 quem·

240 2071 564 2123 admodum
578 2068 1147 2123 lfiimoAnronomicis
1159 2071 1466 2123 assuescere
1478 2073 1687 2137 incepi.
1704 2071 2044 2136 Scripfissem
2058 2071 2173 2124 hoc
2183 2079 2447 2137 tempore

239 2142 413 2205 ipfius
430 2141 618 2194 Celfit.
635 2149 812 2206 atque
826 2145 889 2194 in
903 2144 991 2207 ijs,
1008 2158 1143 2207 quae
1159 2148 1412 2207 exoptat,
1427 2142 1628 2207 sponte
1643 2144 2059 2207 praevenissem,
2074 2143 2115 2195 fi
2128 2159 2253 2195 non
2265 2143 2447 2196 modo
2496 2160 2544 2195 25

240 2213 336 2265 hic
363 2213 630 2265 Haffniae
649 2215 830 2278 varijs
857 2216 1011 2265 curis
1038 2220 1093 2265 et
1120 2213 1607 2279 occupationibus
1634 2214 1995 2276 distraherer‚
2023 2214 2166 2267 dum
2191 2214 2447 2266 nonnul-

239 2285 357 2337 lam
380 2291 608 2350 partem
628 2301 701 2337 ex
720 2301 856 2337 mea
875 2283 1227 2349 supellec‘tile
1247 2287 1372 2337 una
1389 2301 1526 2337 cum
1542 2285 1770 2338 familia
1782 2285 1899 2338 huc
1913 2286 2220 2338 transferre
2234 2285 2447 2352 satag0,

241 2356 590 2421 aliquandiu
618 2356 715 2408 hic
745 2359 913 2409 certis
943 2356 1015 2408 de
1046 2357 1230 2409 caulis
1260 2363 1750 2409 commoraturus,
1785 2357 1949 2421 Quin
1979 2364 2034 2409 et
2063 2357 2449 2410 Instrumenta

240 2428 648 2479 Astronomica
675 2443 748 2480 ex
773 2430 921 2480 meis
947 2428 1242 2480 nonnulla
1269 2428 1368 2480 hic
1394 2431 1458 2480 in
1482 2431 1628 2480 turri
1655 2429 1916 2493 quadam
1941 2428 2146 2481 nostris
2173 2424 2194 2497 ΙΙ
2221 2428 2447 2481 aedibus
2478 2438 2566 2482 40v

240 2501 437 2551 vicina
465 2499 908 2564 admodumque
936 2499 1439 2552 observationibus
1465 2500 1852 2552 accommoda
1879 2500 2184 2565 disponere
2211 2503 2448 2552 animus
2497 2517 2543 2552 30

242 2570 332 2631 est,
369 2572 610 2635 unaque
642 2571 1070 2623 laboratorium
1102 2571 1405 2636 quoddam
1437 2571 1804 2637 Spagiricum
1835 2571 1933 2624 hic
1965 2571 2276 2632 adornare,
2313 2587 2449 2624 cum

242 2642 503 2706 quodam
531 2642 766 2707 insuper
786 2642 1235 2709 Typographeo,
1264 2642 1479 2707 quibus
1499 2643 1776 2695 omnibus
1797 2643 2160 2708 exequendis
2179 2659 2340 2695 nunc
2362 2646 2448 2696 in-

241 2720 434 2765 tentus
454 2713 597 2765 sum.
622 2714 907 2766 Constitui
924 2714 1160 2779 insuper
1179 2714 1358 2767 hodie
1373 2714 1440 2766 V.
1458 2714 1531 2766 D.
1548 2717 1611 2766 in
1625 2714 1883 2767 Insulam
1897 2715 2152 2767 nostram
2164 2717 2448 2780 traiicere,

243 2791 305 2836 ut
324 2785 497 2848 plura
518 2801 591 2836 ex
610 2788 758 2837 meis
777 2785 895 2838 huc
914 2785 1210 2837 transvehi
1230 2785 1503 2846 facerem,
1531 2792 1587 2838 et
1613 2792 1841 2847 caetera,
1866 2801 2002 2851 quae
2021 2785 2138 2838 istic
2158 2785 2447 2850 relinquo,

244 2856 565 2920 disponam,
580 2858 806 2909 interea
820 2857 963 2909 dum
978 2872 1065 2917 ea,
1082 2873 1218 2921 quae
1232 2857 1330 2910 hic
1344 2856 1473 2909 fieri
1488 2857 1862 2917 demandavi,
1884 2857 2276 2918 absolvantur,
2297 2857 2448 2910 adeo
2498 2874 2544 2909 35

244 2934 306 2979 ut
326 2930 563 2979 animus
583 2930 705 2980 iam
723 2931 787 2979 in
805 2928 1022 2980 multas
1044 2927 1339 2982 distractus
1358 2935 1569 2992 partes,
1590 2929 1885 2994 scriptioni
1901 2935 2023 2981 tam
2039 2928 2377 2997 sublimium
2395 2935 2450 2981 et

243 2998 594 3051 secretarum
620 3015 819 3051 rerum
839 3001 915 3052 ad
934 3006 1166 3052 tantum
1191 2999 1510 3065 praesertim
1530 3000 1878 3065 Principem,
1906 3000 2216 3052 commode
2236 3015 2449 3052 vacare

243 3072 343 3120 vix
376 3076 567 3133 queat.
602 3071 725 3122 Fiet
756 3071 816 3123 id
848 3071 1256 3132 nihilominUS,
1290 3074 1734 3136 quamprimum
1764 3071 1940 3136 ipfius
1971 3070 2089 3123 huc
2121 3071 2450 3123 adventarit

244 3140 515 3192 minister.
543 3141 711 3193 Tunc
739 3145 899 3194 enim
924 3158 1020 3194 me
1047 3145 1457 3208 opportuniori
1484 3145 1665 3207 quieti
1694 3143 2016 3195 restitutum
2043 3142 2169 3194 fore
2196 3142 2448 3202 confid0,

247 3213 471 3275 eritque
499 3213 559 3263 id
588 3219 714 3263 tum
742 3229 867 3265 non
894 3214 1098 3266 saltem
1127 3214 1514 3274 commodiUS‚
1547 3214 1643 3266 sed
1673 3221 1728 3266 et
1755 3217 1936 3266 tutius
1967 3221 2204 3278 propter
2233 3214 2449 3266 caussas
2498 3230 2544 3264 40

247 3282 620 3346 aliquatenus
641 3284 941 3336 indicatas
965 3285 1143 3348 Quod
1164 3292 1365 3337 autem
1383 3285 1560 3350 ipfius
1575 3285 1722 3338 Cels.
1737 3288 1801 3337 in
1814 3285 1930 3337 suis
1944 3285 2019 3338 ad
2033 3292 2087 3337 te
2103 3286 2252 3337 datis
2269 3285 2450 3337 literis

246 3352 434 3405 scribit
448 3353 519 3405 de
533 3354 842 3420 Privilegio
861 3356 1184 3421 Hispanico
1203 3356 1278 3408 ob
1295 3357 1354 3409 id
1371 3356 1682 3418 retardat0,
1702 3357 1863 3422 quod
1878 3362 2236 3417 vererentur,
2254 3371 2330 3408 ne
2347 3355 2450 3408 sub

2263 3427 2449 3492 specie
