2644 4030
62 760 169 804 163Γ

98 1124 141 1160 lo

100 1480 142 1515 15

97 1835 144 1870 20

98 2192 144 2227 25

71 2753 182 2797 163v

102 2904 149 2939 35

104 3259 151 3294 40

187 321 628 376 CASPARUS
648 321 1099 375 PEUCERUS
1119 320 1241 373 AD
1262 320 1770 374 TYCHONEM
1791 320 1854 373 10
1875 320 2058 372 MAI.
2081 320 2226 373 1589
2293 319 2384 372 185

187 465 370 530 (quod
396 464 864 528 Uranoscopiam
889 479 1103 516 vocare
1132 463 1306 525 sole0,
1335 470 1400 515 ut
1428 462 1723 528 speculam
1752 462 1909 525 coeli)
1939 462 2010 515 13.
2033 462 2386 528 Septembris

187 552 348 589 anno
374 536 444 588 88
468 541 864 601 pervenerunt
889 535 964 587 ad
989 550 1086 587 me
1113 535 1355 587 demum
1376 534 1587 587 ultima
1607 535 1864 599 Ianuarij
1889 534 2104 586 Iuliani
2125 550 2286 586 anno
2306 533 2385 585 se-

187 614 403 672 quente
417 607 508 667 89;
530 607 631 659 ubi
644 606 921 658 latuerint
935 613 1036 658 aut
1050 606 1338 666 haeserint,
1360 613 1415 658 et
1429 621 1685 670 quorum
1699 605 1889 670 culpa,
1910 605 2119 657 nesci0.
2135 605 2387 657 Tardius

186 694 329 731 vero
345 684 400 730 et
413 693 520 743 ego
535 677 875 742 responde0,
897 677 1193 729 destitutus
1214 677 1614 729 occafionibus
1635 683 1690 728 et
1709 679 1880 741 copia
1901 692 2124 736 eorum,
2146 679 2248 741 qui
2262 682 2387 728 tuto

187 765 256 803 ac
267 756 497 802 mature
507 749 823 813 perferunt.
839 748 954 800 His
965 764 1124 800 nunc
1135 751 1351 813 potitus
1363 748 1622 800 adventu
1633 748 1709 800 ad
1720 763 1830 799 nos
1842 743 1862 815 ΙΙ
1873 747 2217 799 illustrissimi
2228 748 2387 799 Prin-

190 824 349 886 cipis,
370 820 556 872 Ducis
573 819 861 872 Holsatiae
879 820 1298 880 IOHANNIS,
1321 826 1375 871 et
1394 819 1559 871 volui
1578 818 1897 871 satisfacere
1913 825 1968 871 et
1981 819 2083 871 tibi
2097 825 2152 871 et
2165 821 2388 884 magni-

189 892 593 946 ficoDomino
620 890 986 943 HENRICO
1015 891 1448 951 RANZOVIO,
1477 897 1768 955 quantum
1792 892 1958 954 potui
1983 893 2046 941 in
2072 889 2185 942 hac
2212 905 2285 942 ex
2310 889 2388 942 se-

188 961 358 1016 necta
378 970 432 1015 et
453 962 782 1015 carceribus
803 962 1102 1014 debilitata
1120 965 1338 1014 virium
1363 964 1579 1027 ingenij
1605 968 1660 1014 et
1678 963 1984 1013 memoriae
2013 961 2137 1026 (qui
2162 961 2390 1013 tamdiu

190 1050 227 1087 a
245 1034 407 1086 libris
428 1041 483 1086 et
501 1034 698 1098 studijs
718 1033 1138 1086 Astronomicis
1165 1032 1390 1096 absum)
1418 1031 1727 1097 affeffique
1755 1035 2014 1096 corporis
2034 1032 2389 1092 valetudine,

190 1114 246 1159 et
270 1108 334 1157 in
359 1105 452 1157 his
478 1104 980 1170 occupationibus,
1009 1104 1222 1169 quibus
1248 1120 1407 1156 nunc
1435 1106 1612 1156 etiam
1638 1104 1873 1156 obruor.
1901 1104 2165 1155 Primum
2191 1110 2390 1156 autem

188 1179 404 1242 gratias
423 1177 527 1229 tibi
546 1191 674 1242 ag0,
697 1192 845 1240 quas
859 1176 1045 1228 debeo
1061 1182 1115 1228 et
1129 1176 1366 1240 possum,
1388 1175 1547 1239 quod
1560 1182 1683 1227 tam
1698 1182 1967 1227 accurate
1983 1177 2229 1240 exponis
2243 1174 2391 1226 mihi

189 1248 572 1308 occafionem,
593 1247 893 1299 historiam
914 1254 968 1299 et
988 1250 1280 1299 rationem
1294 1253 1532 1298 tuarum
1548 1246 2024 1298 observationum
2038 1252 2092 1298 et
2106 1245 2390 1311 hypothe-

189 1319 352 1380 fium,
373 1322 437 1372 in
454 1318 667 1384 quibus
680 1334 818 1370 vere
833 1318 1067 1370 affirmo
1080 1333 1177 1369 me
1191 1333 1315 1369 non
1335 1320 1606 1382 reperire,
1629 1318 1790 1382 quod
1810 1317 2143 1369 defiderem.
2166 1317 2390 1369 Haereo

191 1390 422 1452 alicubi,
438 1397 501 1442 ut
515 1393 578 1442 in
591 1390 983 1442 luminaribus
997 1391 1296 1449 nimirum,
1313 1404 1449 1440 cum
1462 1388 1565 1441 illa
1577 1391 1940 1453 circumagas
1951 1388 2181 1440 circulis
2191 1388 2391 1440 Terrae

190 1462 643 1514 homocentricis
660 1461 896 1525 (quibus
911 1476 1093 1525 quam
1108 1460 1347 1512 orbibus
1360 1466 1425 1512 ut
1439 1459 1808 1511 commodius
1822 1459 1895 1511 fic
1909 1458 2119 1512 rec'tius
2132 1466 2186 1511 et
2195 1462 2392 1511 verius

190 1534 393 1596 uteris)
415 1540 614 1584 utrum
633 1532 1000 1584 anomaliam
1021 1538 1405 1596 apparentem
1424 1534 1488 1582 in
1509 1534 1592 1583 eis
1610 1530 1819 1583 eadem
1834 1533 2029 1595 quain
2043 1530 2175 1595 alijs
2189 1530 2392 1582 Plane-

190 1607 262 1657 tis
283 1607 547 1669 quinque
570 1606 798 1655 ratione
827 1602 1064 1668 (quibus
1085 1602 1284 1655 Solem
1303 1602 1500 1654 statuis
1522 1601 1808 1665 centrum)
1836 1618 1940 1667 per
1960 1601 2222 1654 circellos
2243 1602 2393 1654 duos

190 1690 406 1741 parvos
422 1675 695 1740 expedire
706 1676 854 1726 velis
868 1674 1403 1727 COPERNICAEO
1420 1673 1709 1739 exemp10,
1725 1673 1885 1738 quod
1899 1673 2114 1738 probas
2127 1675 2190 1724 in
2205 1674 2392 1733 Luna,

191 1750 255 1799 in
270 1762 390 1812 qua
403 1746 501 1798 ille
515 1746 747 1798 duobus
763 1746 1034 1812 epicyclis
1048 1745 1184 1797 usus
1200 1745 1290 1806 est,
1312 1761 1347 1797 a
1369 1746 1583 1810 quibus
1603 1751 1667 1797 tu
1687 1744 1986 1805 abhorreS,
2009 1760 2088 1796 an
2101 1760 2243 1796 vero
2258 1744 2392 1804 alia,

193 1834 329 1883 quae
355 1817 504 1870 mihi
528 1833 654 1869 non
680 1820 944 1870 occurrit.
972 1817 1221 1882 Reliqua
1246 1820 1328 1869 ita
1352 1817 1550 1882 plana,
1578 1816 1867 1881 explicata
1887 1822 1943 1868 et
1961 1815 2265 1880 perspicua
2291 1817 2394 1868 esse

191 1890 405 1950 iudic0,
434 1895 489 1940 et
514 1889 590 1941 ad
617 1887 897 1941 doetrinae
918 1889 1343 1940 Astronomicae
1370 1890 1471 1941 καὶ
1494 1889 1885 1955 ψηφοφορίας
1909 1887 2247 1940 facilitatem
2273 1893 2395 1939 tam

193 1960 657 2021 accommodata,
683 1967 748 2012 ut
772 1976 869 2012 me
895 1960 1064 2012 fateri
1085 1966 1367 2024 oporteat,
1391 1966 1658 2011 veterum
1684 1958 2051 2025 hypotheses,
2078 1958 2120 2009 fi
2144 1958 2237 2010 his
2258 1974 2393 2011 con-

192 2032 471 2092 ferantur,
498 2031 865 2098 labyrinthos
884 2032 1087 2093 videri,
1115 2031 1218 2083 illa
1238 2031 1472 2083 orbium
1499 2030 1850 2083 dissimilium
1867 2032 2149 2083 varietate
2171 2036 2226 2082 et
2244 2030 2394 2082 mul-

193 2104 441 2156 titudine
467 2105 670 2164 nimia,
698 2119 818 2168 qua
843 2110 1045 2155 tamen
1071 2118 1151 2155 an
1177 2103 1561 2167 assequantur,
1593 2102 1752 2166 quod
1778 2103 2138 2167 promittunt,
2170 2103 2394 2166 experi-

195 2178 354 2227 entia
382 2175 566 2227 docet.
595 2174 814 2226 Totum
843 2174 1119 2226 aethereae
1149 2176 1402 2238 regionis
1431 2172 1696 2234 tradtum,
1728 2173 2023 2225 stellarum
2053 2173 2395 2237 corporibus

195 2248 466 2310 exceptis,
498 2247 823 2297 tenuissima
852 2245 1110 2298 constare
1143 2245 1403 2297 aetherea
1433 2244 1743 2297 substantia
1774 2245 2184 2309 purissimaque
2218 2250 2274 2296 et
2304 2260 2393 2296 ra-

195 2318 304 2382 dijs
332 2317 610 2369 omnibus
635 2319 855 2382 pervia,
883 2331 1074 2381 eaque
1100 2316 1326 2381 liquida
1346 2322 1402 2368 et
1420 2315 1621 2376 fluida,
1649 2316 1866 2368 divinae
1891 2315 2191 2380 sapientiae
2213 2316 2394 2367 verbo

196 2388 408 2441 coelesti
440 2386 744 2452 patefactae
776 2387 1103 2440 testimonia
1137 2403 1260 2439 non
1292 2388 1467 2440 dubie
1501 2394 1705 2439 contra
1736 2386 2122 2451 Philosophos
2154 2386 2394 2439 demon-

195 2460 386 2511 strant.
416 2459 616 2522 Quam
642 2458 791 2510 mihi
816 2459 1162 2511 sententiam
1187 2458 1536 2523 persuadent
1557 2465 1611 2510 et
1632 2458 1984 2511 confirmant
2004 2473 2129 2510 non
2148 2458 2250 2510 illa
2270 2466 2394 2510 tan-

195 2538 322 2583 tum
339 2537 476 2582 ante
493 2530 724 2595 prolata
741 2546 772 2582 e
790 2530 1088 2595 Scriptura
1105 2528 1272 2591 dicta,
1293 2530 1389 2582 sed
1408 2530 1596 2581 multo
1616 2530 1789 2594 plura
1808 2529 1943 2582 alia.
1965 2529 2216 2582 MOYSI
2237 2532 2396 2581 enim

196 2603 233 2654 1.
248 2601 492 2654 Genesis
504 2601 723 2654 coelum
735 2601 1058 2666 expansum
1070 2601 1355 2666 quiddam
1366 2601 1462 2662 est3
1476 2601 1533 2653 id
1545 2600 1824 2666 fignificat
1835 2603 1995 2653 enim
2004 2617 2123 2653 vox
2134 2600 2397 2653 Hebraea

196 2672 419 2735 Rakia,
447 2673 507 2724 id
534 2673 608 2724 est
634 2673 918 2737 quiddam
939 2671 1236 2739 ἀραιωθὲν
1255 2673 1356 2726 καὶ
1375 2671 1677 2726 λεπτωθὲν
1697 2673 1846 2725 κατὰ
1866 2671 2155 2739 διάκρισιν
2173 2687 2394 2731 veram,

197 2744 390 2797 fusum
409 2751 586 2809 atque
607 2744 915 2796 dilatatum
934 2744 1193 2808 expansu
1207 2744 1493 2795 immenso
1507 2739 1527 2812 ΙΙ
1539 2746 1602 2795 in
1616 2759 1828 2808 corpus
1843 2742 2087 2811 δυνάμει
2101 2742 2395 2810 διαφανὲς,

197 2815 357 2880 quod
386 2815 517 2867 luce
547 2815 788 2868 accensa
816 2831 884 2867 ac
914 2815 1122 2868 diffusa
1151 2818 1446 2867 creatione
1472 2814 1691 2868 faetum
1717 2815 1791 2866 est
1818 2813 2098 2882 διαφανὲς
2122 2814 2395 2881 ἐνεργείᾳ.

198 2886 491 2939 Diffusam
516 2886 672 2938 hanc
697 2887 892 2939 lucem
912 2889 1342 2952 omnipotentia
1363 2886 1606 2951 Opificis
1626 2886 1838 2938 summi
1857 2885 2052 2950 postea
2072 2885 2165 2937 die
2187 2891 2396 2950 quarto

198 2956 502 3011 collectam
527 2957 723 3010 rursus
751 2961 951 3023 coegit,
979 2961 1409 3024 coagmentavit
1433 2965 1487 3010 et
1511 2958 1720 3023 digessit
1740 2958 1888 3010 κατὰ
1909 2958 2210 3024 σύγκρισιν
2228 2959 2290 3007 in
2310 2956 2396 3008 lu-

198 3032 519 3081 minarium
540 3045 609 3081 ac
628 3029 922 3082 stellarum
944 3028 1202 3082 distincta
1222 3045 1485 3094 corpora.
1511 3029 1891 3093 Septuaginta
1910 3031 2252 3093 interpretes
2271 3044 2396 3080 ver-

198 3107 394 3152 terunt
422 3099 737 3168 στερέωμα,
767 3101 926 3153 unde
956 3100 1313 3153 firmamenti
1341 3103 1607 3152 manavit
1636 3099 1970 3165 appellatiO.
2002 3099 2268 3164 Utraque
2298 3115 2396 3164 ap-

199 3171 517 3236 pellatione
548 3171 797 3223 indicari
830 3172 1090 3224 existimo
1125 3188 1260 3224 cum
1292 3171 1573 3236 repagula
1603 3171 1706 3223 illa
1737 3171 2087 3223 admiranda
2116 3170 2398 3235 nobisque

199 3242 586 3307 inexplorata,
615 3243 827 3307 quibus
847 3243 1035 3295 moles
1055 3259 1348 3308 aquarum
1369 3243 1496 3295 orbi
1517 3249 1711 3295 creato
1733 3241 2078 3294 circumfusa
2098 3242 2399 3294 sustinetur

200 3329 269 3365 ac
290 3319 604 3374 coercetur,
627 3320 754 3365 tum
773 3313 887 3366 hoc
907 3315 1077 3367 nobis
1098 3315 1341 3367 obvium
1362 3320 1416 3366 et
1435 3314 1660 3366 saeculis
1681 3314 1956 3366 omnibus
1976 3330 2013 3366 a
2032 3313 2399 3377 Philosophis

201 3387 379 3436 etiam
394 3387 658 3450 agnitum
672 3383 1075 3453 ἀμετάβλητον
1089 3388 1343 3451 regionis
1358 3385 1649 3445 aethereae‚
1668 3385 1828 3450 quod
1842 3392 2077 3450 propter
2091 3383 2399 3506 ARISTSS-

344 3466 390 3500 2⁴
2161 3455 2308 3507 TEL
