2644 4030
51 1098 120 1146 ,ιο

77 1454 119 1490 15

68 1732 126 1775 2v

73 1811 120 1846 20

73 2167 120 2202 25

74 2522 121 2557 30

75 2878 121 2914 35

250 298 554 353 TYCHO
574 300 696 352 AD
715 299 1260 352 THADDAEUM
1282 299 1768 353 HAGECIUM
1789 300 1810 352 l
1831 300 2032 353 NOV.
2056 301 2202 354 1589
2275 301 2368 354 197

168 442 523 506 Septembris
552 442 803 503 obtinui;
835 441 1061 494 ultimae
1089 457 1232 494 vero
1262 443 1356 495 die
1389 443 1438 495 7.
1469 441 1824 507 Septembris
1856 442 2008 495 datae
2040 443 2368 508 penultimo

169 511 437 566 octobris
457 513 533 566 ad
551 528 768 566 manus
787 528 952 566 meas
971 520 1381 578 pervenerunt,
1402 514 1581 579 idque
1603 513 1690 578 (ut
1709 513 1929 578 ubique
1950 514 2148 578 antea)
2169 514 2366 567 secun-

168 584 312 636 dum
331 591 590 636 veterem
610 587 755 637 anni
774 584 990 637 Iuliani
1008 587 1502 645 numerationem,
1524 600 1645 649 qua
1665 588 1992 637 etiamnum
2005 601 2116 637 nos
2130 588 2366 638 utimur.

169 655 395 708 Omnes
420 662 539 707 tuae
565 655 751 721 Praga
777 662 944 708 erant
968 657 1159 716 missae‚
1188 672 1336 721 quas
1364 671 1470 721 ego
1496 659 1711 720 partim
1736 656 1999 717 Hafniae,
2028 659 2242 721 partim
2271 657 2368 709 hic

169 725 529 792 Uraniburgi
553 725 759 779 nadtus
784 726 928 779 sum.
955 726 1215 792 Singulae
1240 743 1526 792 magnum
1552 727 1723 779 illum
1745 734 1915 779 tuum
1936 734 1991 780 et
2011 728 2369 780 constantem

169 813 305 863 erga
318 813 414 849 me
427 812 682 862 meaque
701 797 886 850 studia
904 797 1171 850 favorem
1191 798 1417 851 affatim
1437 798 1828 858 declarabant,
1851 805 1906 850 et
1926 801 2199 851 amicitiae
2219 802 2370 851 inter

167 884 278 920 nos
298 868 442 920 olim
462 868 792 933 Ratisponae
819 876 955 921 ante
981 885 1173 922 annos
1199 872 1422 922 circiter
1445 870 1518 930 14,
1547 886 1683 922 cum
1702 870 2024 922 modernus
2045 870 2370 935 Imperator

166 942 635 1005 inauguraretur,
655 940 972 1004 percupide
992 939 1304 993 contractae
1323 941 1538 993 sartam
1556 940 1767 994 tectam
1787 944 2294 993 continuationem
2315 948 2370 993 et

167 1017 393 1076 gratam
422 1011 942 1072 conservationem,
975 1011 1242 1076 pluribus
1271 1015 1449 1064 etiam
1476 1014 1702 1064 interea
1729 1012 1910 1064 literis
1941 1012 2368 1073 confirmatam,

168 1097 292 1134 non
312 1082 551 1135 obscure
570 1082 939 1135 testabantur.
961 1083 1072 1135 Pro
1094 1099 1213 1148 qua
1232 1090 1335 1135 tua
1354 1083 1628 1148 fingulari
1649 1090 1705 1135 et
1724 1083 1856 1148 plus
1878 1099 2060 1148 quam
2078 1084 2371 1136 benevola

168 1169 305 1218 erga
323 1168 420 1206 me
440 1152 750 1206 affeclione
770 1170 894 1206 non
912 1155 1134 1219 possum
1154 1170 1278 1206 non
1297 1154 1399 1206 tibi
1419 1157 1633 1219 gratias
1653 1170 1824 1220 agere
1845 1157 2124 1220 ingenteS,
2145 1158 2274 1220 pari
2286 1157 2369 1207 vi·

168 1225 340 1277 cissim
352 1231 409 1277 te
423 1231 643 1290 tuaque
659 1228 862 1278 omnia
882 1241 1086 1277 amore
1107 1232 1162 1277 et
1181 1225 1382 1284 studio,
1405 1232 1695 1289 quantum
1716 1229 1778 1277 in
1796 1241 1893 1277 me
1915 1225 2005 1287 est,
2028 1226 2226 1290 quoad
2245 1228 2368 1278 vix-

168 1311 287 1357 er0,
313 1295 774 1361 prosequuturus
801 1302 857 1348 et
881 1297 1249 1362 gratissimam
1274 1299 1360 1348 tui
1384 1299 1738 1349 memoriam
1763 1303 2047 1362 perpetuo
2068 1297 2369 1350 conserva-

166 1373 350 1419 turuS.

240 1438 419 1503 Quod
440 1444 641 1491 autem
658 1441 774 1491 tuis
793 1438 908 1491 illis
930 1439 1312 1491 eruditissimis
1331 1441 1549 1503 pariter
1570 1444 1625 1490 et
1645 1439 1992 1491 amicissimis
2017 1439 2198 1491 literis
2220 1438 2372 1491 nihil

166 1516 331 1562 tanto
353 1512 475 1562 iam
495 1509 690 1575 elapso
710 1515 974 1574 tempore
994 1509 1393 1575 responderim
1411 1509 1639 1574 tuisque
1659 1513 1810 1563 votis
1836 1509 1949 1562 hac
1975 1512 2038 1561 in
2062 1516 2226 1574 parte
2247 1526 2372 1562 non

166 1580 550 1642 satisfecerim,
576 1596 652 1637 ne
680 1581 982 1642 existimeS‚
1009 1581 1134 1633 ulla
1154 1581 1453 1633 oblivione
1470 1584 1558 1633 tui
1577 1581 1672 1633 vel
1693 1584 1872 1634 etiam
1895 1582 2247 1647 negligentia
2269 1587 2372 1633 aut

168 1652 243 1705 ob
263 1652 519 1705 aliarum
539 1655 999 1718 occupationum
1018 1652 1240 1704 molem
1261 1652 1416 1717 (licet
1434 1651 1547 1704 hac
1566 1655 1860 1717 praeterita
1875 1653 2067 1705 aestate
2081 1655 2144 1704 in
2157 1655 2335 1718 varijs
2350 1647 2371 1721 ΙΙ

168 1725 416 1789 negotiJ‘s
435 1739 560 1776 non
581 1725 794 1789 exigua
812 1723 1007 1788 fuerit)
1028 1724 1088 1776 id
1108 1724 1469 1776 commissum
1490 1725 1610 1785 esse,
1636 1724 1732 1776 sed
1757 1726 1953 1789 potius
1973 1726 2370 1776 internuncio-

168 1810 302 1847 rum
321 1797 605 1860 penuriae,
627 1810 764 1847 cum
782 1796 1056 1847 rarissime
1077 1795 1292 1859 aliquis
1312 1795 1452 1847 hinc
1470 1795 1546 1847 ad
1562 1811 1669 1847 vos
1687 1795 1874 1856 abeat,
1896 1798 1992 1848 cui
2003 1802 2129 1847 tuto
2146 1801 2200 1847 et
2214 1800 2370 1847 certo

166 1866 364 1918 literas
394 1866 744 1918 concredere
772 1866 986 1927 liceret,
1019 1866 1312 1919 silentium
1340 1866 1487 1919 illud
1516 1866 1864 1918 diuturnum
1891 1869 2145 1932 imputes
2173 1866 2369 1918 velim.

168 1937 388 1990 Nullus
408 1940 569 1989 enim
587 1937 735 1990 mihi
754 1937 1092 1990 incubuisset
1111 1940 1484 2004 negotiorum
1504 1944 1702 1990 tantus
1722 1938 2012 1999 cumuluS‚
2033 1953 2227 2002 neque
2248 1937 2372 1989 ulla

167 2008 288 2061 alia
305 2008 630 2074 praevalere
650 2008 1017 2074 permifissem
1038 2009 1347 2070 obstacula,
1370 2012 1515 2074 quin
1535 2008 1760 2073 aliquid
1780 2010 1856 2061 ad
1875 2016 1930 2061 te
1950 2009 2254 2060 literarum
2275 2009 2369 2060 de-

168 2080 378 2140 dissem,
406 2080 587 2132 modo
616 2079 1197 2144 Grammatophorus
1223 2087 1414 2132 certus
1441 2086 1497 2132 et
1522 2080 1774 2132 idoneus
1802 2080 1950 2131 mihi
1978 2082 2205 2132 interea
2227 2085 2370 2132 tem-

167 2153 327 2216 poris
347 2151 634 2216 obtigisset.
656 2151 726 2204 Et
745 2151 883 2204 sane
902 2157 967 2204 ut
985 2167 1195 2204 verum
1213 2151 1416 2212 fatear,
1437 2167 1512 2203 ne
1533 2167 1693 2203 nunc
1714 2151 1953 2216 quidem
1973 2151 2082 2204 has
2102 2151 2179 2204 ad
2197 2157 2253 2202 te
2274 2150 2369 2203 de-

169 2223 378 2282 dissem,
400 2221 475 2274 ob
495 2222 804 2275 instantem
822 2222 1142 2288 praesertim
1161 2222 1439 2288 hyemem
1460 2222 1618 2286 (quae
1638 2225 1886 2282 maiora,
1911 2238 2031 2287 quo
2050 2225 2249 2274 minus
2268 2221 2372 2273 tibi

167 2293 566 2346 indubitanter
583 2294 906 2354 tradantur,
931 2293 1225 2346 obstacula
1243 2293 1511 2359 suggerit)
1539 2294 1644 2346 nifi
1664 2300 1890 2358 quartae
1912 2294 2031 2346 illae
2056 2300 2175 2345 tuae
2203 2299 2258 2345 et
2283 2293 2369 2344 ul-

167 2366 330 2416 timae
355 2364 770 2417 nudiustertius
789 2364 1251 2430 supervenissent,
1279 2372 1334 2417 et
1354 2364 1676 2417 vehemens
1696 2371 1882 2425 tuum,
1910 2381 1990 2417 an
2014 2367 2238 2429 priores
2259 2380 2296 2416 a
2314 2371 2371 2416 te

167 2437 356 2491 missas
379 2438 724 2500 acceperim,
752 2438 1101 2501 cognitionis
1121 2436 1468 2488 desiderium
1488 2438 1612 2488 una
1632 2451 1768 2488 cum
1787 2435 2174 2501 rescriptionis
2195 2436 2372 2487 avida

170 2505 573 2572 expectatione
592 2507 978 2559 inculcassent.
1007 2507 1122 2559 His
1143 2510 1304 2559 enim
1323 2509 1590 2571 acceptis,
1612 2506 1709 2559 etfi
1728 2522 1853 2559 non
1871 2509 2075 2572 paucis
2095 2507 2209 2559 hoc
2228 2513 2369 2558 tem-

167 2593 312 2643 pore
337 2578 604 2642 implicer
628 2580 894 2644 negotij8‚
919 2578 1172 2643 sepositis
1197 2585 1398 2630 tamen
1424 2578 1717 2638 omnibUS,
1743 2594 1868 2630 non
1893 2578 2111 2630 diutius
2138 2577 2370 2641 respon-

168 2649 327 2701 fione
346 2649 839 2714 supersedendum
859 2650 1017 2702 duxi.
1041 2650 1110 2701 Et
1128 2649 1262 2701 licet
1281 2665 1406 2702 non
1424 2652 1622 2701 minor
1638 2665 1820 2714 quam
1838 2655 2014 2701 antea
2027 2652 2091 2700 in
2103 2649 2371 2701 mittendi

169 2719 472 2775 occasione
492 2720 556 2773 fit
575 2720 906 2782 difficultaS,
934 2723 1055 2772 imo
1075 2723 1271 2786 potius
1291 2721 1365 2773 ob
1386 2720 1679 2786 hyemem,
1707 2727 1770 2772 ut
1790 2721 1926 2782 dixi,
1953 2720 2140 2772 multo
2160 2722 2369 2780 maior,

169 2798 430 2844 attamen
449 2791 589 2844 huic
608 2794 690 2844 ita
710 2792 1140 2844 occurrendum
1161 2791 1374 2853 censui,
1402 2798 1466 2844 ut
1490 2791 1660 2843 binas
1682 2792 1890 2844 eadem
1910 2793 2274 2844 continentes
2295 2791 2371 2843 ad

169 2869 225 2915 te
255 2865 486 2915 exarari
515 2879 801 2925 curarem,
832 2878 1087 2928 quarum
1115 2878 1268 2915 unas
1294 2863 1683 2924 Rostochium,
1713 2863 1928 2915 alteras
1953 2861 2251 2925 Lubecam
2276 2861 2372 2914 vel

170 2934 590 3000 Hamburgum
608 2934 914 2987 translatas
934 2934 1068 2987 illac
1088 2937 1269 2986 tutius
1289 2935 1366 2986 ad
1384 2941 1440 2986 te
1460 2933 1702 2999 perferri
1721 2933 1968 2998 sperem;
1993 2949 2186 2998 neque
2211 2935 2368 2989 enim

169 3012 308 3057 tunc
328 3004 535 3058 ambas
554 3006 899 3058 intercidere
920 3006 1070 3058 adeo
1090 3008 1153 3058 in
1173 3005 1416 3070 proclivi
1437 3005 1528 3057 est.

241 3076 420 3128 Nunc
434 3078 632 3141 itaque
646 3083 710 3129 ut
723 3079 928 3142 primis
941 3079 1057 3129 tuis
1070 3076 1421 3129 sufficienter
1434 3076 1836 3140 respondeam,
1855 3082 2088 3140 tempus
2106 3075 2370 3140 postulat,

170 3146 455 3212 liquidem
483 3162 555 3199 ex
581 3163 701 3212 quo
726 3147 845 3200 illae
871 3164 909 3200 a
933 3155 988 3200 te
1014 3148 1237 3213 scriptae
1262 3147 1407 3208 sunt,
1434 3147 1531 3199 hic
1554 3147 1671 3212 ipse
1693 3148 1816 3199 dies
1836 3147 2270 3199 anniversarius
2290 3146 2369 3206 fit,

172 3220 349 3270 nimis
374 3233 592 3283 magna
617 3219 952 3284 interposita
977 3219 1275 3279 dilatione,
1306 3234 1442 3283 quae
1469 3225 1671 3270 tamen
1697 3218 1855 3283 apud
1882 3224 1938 3270 te
1964 3221 2168 3270 omnia
2195 3218 2370 3270 bene·

170 3288 306 3341 vole
327 3295 381 3341 et
400 3289 617 3342 fincere
637 3292 1118 3355 interpretantem
1139 3289 1573 3342 excusationem
1591 3289 1666 3341 ob
1684 3288 1887 3341 causas
1901 3296 2037 3341 ante
2052 3287 2232 3341 didias
2246 3305 2371 3341 non

172 3359 482 3412 difficulter
500 3362 775 3414 inveniet.
797 3361 996 3414 Postea
1014 3364 1191 3414 etiam
1208 3361 1284 3414 ad
1301 3360 1449 3414 alias
1462 3360 1755 3413 nonnulla
1766 3358 2176 3413 subiuncturus
2192 3360 2370 3424 idque

1976 3431 2370 3497 paucioribUS,
