<?xml version="1.0" encoding="UTF-8"?>
<!DOCTYPE html PUBLIC "-//W3C//DTD XHTML 1.0 Transitional//EN"
    "http://www.w3.org/TR/xhtml1/DTD/xhtml1-transitional.dtd">
<html xmlns="http://www.w3.org/1999/xhtml" xml:lang="en" lang="en">
 <head>
  <title>
</title>
<meta http-equiv="Content-Type" content="text/html;charset=utf-8" />
  <meta name='ocr-system' content='tesseract 3.04.00' />
  <meta name='ocr-capabilities' content='ocr_page ocr_carea ocr_par ocr_line ocrx_word'/>
</head>
<body>
  <div class='ocr_page' id='page_1' title='image "./operaomniaedidit07brahuoft_0261.png"; bbox 0 0 2644 4030; ppageno 0'>
   <div class='ocr_carea' id='block_1_1' title="bbox 240 311 2372 380">
    <p class='ocr_par' dir='ltr' id='par_1_1' title="bbox 240 311 2372 380">
     <span class='ocr_line' id='line_1_1' title="bbox 240 311 2372 380; baseline 0.001 -15"><span class='ocrx_word' id='word_1_1' title='bbox 240 312 510 366; x_wconf 87' lang='lat' dir='ltr'>THAD.</span> <span class='ocrx_word' id='word_1_2' title='bbox 539 312 993 366; x_wconf 87' lang='lat' dir='ltr'>HAGECIUS</span> <span class='ocrx_word' id='word_1_3' title='bbox 1018 312 1140 365; x_wconf 84' lang='lat' dir='ltr'>AD</span> <span class='ocrx_word' id='word_1_4' title='bbox 1167 312 1681 366; x_wconf 90' lang='lat' dir='ltr'>TYCHONEM</span> <span class='ocrx_word' id='word_1_5' title='bbox 1708 311 1818 380; x_wconf 88' lang='lat' dir='ltr'>llll</span> <span class='ocrx_word' id='word_1_6' title='bbox 1845 314 2019 367; x_wconf 90' lang='lat' dir='ltr'><strong>IUN.</strong></span> <span class='ocrx_word' id='word_1_7' title='bbox 2048 314 2195 367; x_wconf 84' lang='lat'>1590</span> <span class='ocrx_word' id='word_1_8' title='bbox 2266 314 2372 367; x_wconf 88' lang='lat'>247</span> 
     </span>
    </p>
   </div>
   <div class='ocr_carea' id='block_1_2' title="bbox 41 454 2380 3514">
    <p class='ocr_par' dir='ltr' id='par_1_2' title="bbox 41 454 2380 3514">
     <span class='ocr_line' id='line_1_2' title="bbox 170 454 2371 522; baseline 0 -14"><span class='ocrx_word' id='word_1_9' title='bbox 170 454 413 520; x_wconf 85' lang='lat' dir='ltr'>aliquod</span> <span class='ocrx_word' id='word_1_10' title='bbox 443 455 717 521; x_wconf 92' lang='lat' dir='ltr'>scriptum</span> <span class='ocrx_word' id='word_1_11' title='bbox 749 456 820 508; x_wconf 94' lang='lat' dir='ltr'>de</span> <span class='ocrx_word' id='word_1_12' title='bbox 854 455 1104 508; x_wconf 91' lang='lat' dir='ltr'>Cometa</span> <span class='ocrx_word' id='word_1_13' title='bbox 1136 458 1280 508; x_wconf 92' lang='lat' dir='ltr'>anni</span> <span class='ocrx_word' id='word_1_14' title='bbox 1311 455 1382 508; x_wconf 92' lang='lat'>80</span> <span class='ocrx_word' id='word_1_15' title='bbox 1414 455 1673 517; x_wconf 88' lang='lat' dir='ltr'>ediderit,</span> <span class='ocrx_word' id='word_1_16' title='bbox 1705 472 2017 521; x_wconf 91' lang='lat' dir='ltr'>nunquam</span> <span class='ocrx_word' id='word_1_17' title='bbox 2050 456 2371 522; x_wconf 90' lang='lat' dir='ltr'>intelligere</span> 
     </span>
     <span class='ocr_line' id='line_1_3' title="bbox 169 526 2370 592; baseline 0 -13"><span class='ocrx_word' id='word_1_18' title='bbox 169 529 350 592; x_wconf 83' lang='lat' dir='ltr'>potui.</span> <span class='ocrx_word' id='word_1_19' title='bbox 379 526 661 579; x_wconf 87' lang='lat' dir='ltr'><strong>Recitavit</strong></span> <span class='ocrx_word' id='word_1_20' title='bbox 679 527 882 579; x_wconf 92' lang='lat' dir='ltr'>saltem</span> <span class='ocrx_word' id='word_1_21' title='bbox 900 526 1032 579; x_wconf 92' lang='lat' dir='ltr'>illas</span> <span class='ocrx_word' id='word_1_22' title='bbox 1052 526 1330 579; x_wconf 91' lang='lat' dir='ltr'>absurdas</span> <span class='ocrx_word' id='word_1_23' title='bbox 1355 526 1688 592; x_wconf 89' lang='lat' dir='ltr'>parallaxes</span> <span class='ocrx_word' id='word_1_24' title='bbox 1708 530 1772 579; x_wconf 92' lang='lat' dir='ltr'>in</span> <span class='ocrx_word' id='word_1_25' title='bbox 1790 529 2090 580; x_wconf 88' lang='lat' dir='ltr'>vanissimo</span> <span class='ocrx_word' id='word_1_26' title='bbox 2109 528 2214 580; x_wconf 94' lang='lat' dir='ltr'>suo</span> <span class='ocrx_word' id='word_1_27' title='bbox 2234 529 2370 581; x_wconf 92' lang='lat' dir='ltr'>Pro-</span> 
     </span>
     <span class='ocr_line' id='line_1_4' title="bbox 169 597 2370 664; baseline 0.001 -15"><span class='ocrx_word' id='word_1_28' title='bbox 169 597 422 663; x_wconf 83' lang='lat' dir='ltr'>gnostico</span> <span class='ocrx_word' id='word_1_29' title='bbox 451 601 593 651; x_wconf 92' lang='lat' dir='ltr'>anni</span> <span class='ocrx_word' id='word_1_30' title='bbox 622 598 708 651; x_wconf 89' lang='lat'>82.</span> <span class='ocrx_word' id='word_1_31' title='bbox 738 598 914 650; x_wconf 93' lang='lat' dir='ltr'>Illum</span> <span class='ocrx_word' id='word_1_32' title='bbox 942 601 1120 650; x_wconf 92' lang='lat' dir='ltr'>etiam</span> <span class='ocrx_word' id='word_1_33' title='bbox 1148 597 1400 650; x_wconf 91' lang='lat' dir='ltr'>alterum</span> <span class='ocrx_word' id='word_1_34' title='bbox 1427 599 1848 663; x_wconf 92' lang='lat' dir='ltr'>perturbatum,</span> <span class='ocrx_word' id='word_1_35' title='bbox 1877 599 2241 664; x_wconf 84' lang='lat' dir='ltr'>perplexum,</span> <span class='ocrx_word' id='word_1_36' title='bbox 2271 600 2370 652; x_wconf 91' lang='lat' dir='ltr'>ob-</span> 
     </span>
     <span class='ocr_line' id='line_1_5' title="bbox 168 668 2372 736; baseline 0.001 -16"><span class='ocrx_word' id='word_1_37' title='bbox 168 668 402 721; x_wconf 92' lang='lat' dir='ltr'>scurum</span> <span class='ocrx_word' id='word_1_38' title='bbox 423 676 477 721; x_wconf 93' lang='lat' dir='ltr'>et</span> <span class='ocrx_word' id='word_1_39' title='bbox 497 676 886 734; x_wconf 87' lang='lat' dir='ltr'>arrogantem,</span> <span class='ocrx_word' id='word_1_40' title='bbox 912 676 967 721; x_wconf 95' lang='lat' dir='ltr'>et</span> <span class='ocrx_word' id='word_1_41' title='bbox 987 669 1120 721; x_wconf 92' lang='lat' dir='ltr'>suas</span> <span class='ocrx_word' id='word_1_42' title='bbox 1140 685 1328 735; x_wconf 92' lang='lat' dir='ltr'>nugas</span> <span class='ocrx_word' id='word_1_43' title='bbox 1346 685 1454 734; x_wconf 92' lang='lat' dir='ltr'>pro</span> <span class='ocrx_word' id='word_1_44' title='bbox 1474 685 1692 735; x_wconf 92' lang='lat' dir='ltr'>magna</span> <span class='ocrx_word' id='word_1_45' title='bbox 1711 670 1993 736; x_wconf 86' lang='lat' dir='ltr'>sapientia</span> <span class='ocrx_word' id='word_1_46' title='bbox 2014 678 2069 723; x_wconf 94' lang='lat' dir='ltr'>et</span> <span class='ocrx_word' id='word_1_47' title='bbox 2089 671 2372 735; x_wconf 83' lang='lat' dir='ltr'>exquisita</span> 
     </span>
     <span class='ocr_line' id='line_1_6' title="bbox 99 737 2371 807; baseline 0.001 -16"><span class='ocrx_word' id='word_1_48' title='bbox 99 756 122 791; x_wconf 83' lang='lat'><strong>⁵</strong></span> <span class='ocrx_word' id='word_1_49' title='bbox 171 737 434 792; x_wconf 70' lang='lat' dir='ltr'>doctrina</span> <span class='ocrx_word' id='word_1_50' title='bbox 459 741 630 793; x_wconf 92' lang='lat' dir='ltr'>nobis</span> <span class='ocrx_word' id='word_1_51' title='bbox 650 741 1068 801; x_wconf 87' lang='lat' dir='ltr'>venditantem,</span> <span class='ocrx_word' id='word_1_52' title='bbox 1095 741 1320 792; x_wconf 77' lang='lat' dir='ltr'>mjssum</span> <span class='ocrx_word' id='word_1_53' title='bbox 1345 740 1650 793; x_wconf 79' lang='lat' dir='ltr'>faciamus,</span> <span class='ocrx_word' id='word_1_54' title='bbox 1678 741 1787 793; x_wconf 90' lang='lat' dir='ltr'>Per</span> <span class='ocrx_word' id='word_1_55' title='bbox 1812 757 1922 793; x_wconf 94' lang='lat' dir='ltr'>nos</span> <span class='ocrx_word' id='word_1_56' title='bbox 1948 742 2063 794; x_wconf 93' lang='lat' dir='ltr'>suis</span> <span class='ocrx_word' id='word_1_57' title='bbox 2088 746 2261 807; x_wconf 91' lang='lat' dir='ltr'>nugis</span> <span class='ocrx_word' id='word_1_58' title='bbox 2284 745 2371 794; x_wconf 89' lang='lat' dir='ltr'>in-</span> 
     </span>
     <span class='ocr_line' id='line_1_7' title="bbox 168 809 2371 866; baseline 0.001 -3"><span class='ocrx_word' id='word_1_59' title='bbox 168 812 528 863; x_wconf 88' lang='lat' dir='ltr'>tricatissimis</span> <span class='ocrx_word' id='word_1_60' title='bbox 553 811 609 863; x_wconf 89' lang='lat' dir='ltr'>se</span> <span class='ocrx_word' id='word_1_61' title='bbox 637 809 898 863; x_wconf 75' lang='lat' dir='ltr'>oblectet.</span> <span class='ocrx_word' id='word_1_62' title='bbox 926 812 1172 864; x_wconf 90' lang='lat' dir='ltr'>Utinam</span> <span class='ocrx_word' id='word_1_63' title='bbox 1197 811 1400 864; x_wconf 88' lang='lat' dir='ltr'>saltem</span> <span class='ocrx_word' id='word_1_64' title='bbox 1420 815 1547 864; x_wconf 92' lang='lat' dir='ltr'>eius</span> <span class='ocrx_word' id='word_1_65' title='bbox 1567 815 1826 865; x_wconf 89' lang='lat' dir='ltr'>amicitia</span> <span class='ocrx_word' id='word_1_66' title='bbox 1845 820 2040 865; x_wconf 89' lang='lat' dir='ltr'>tecum</span> <span class='ocrx_word' id='word_1_67' title='bbox 2059 829 2184 866; x_wconf 95' lang='lat' dir='ltr'>non</span> <span class='ocrx_word' id='word_1_68' title='bbox 2202 813 2266 866; x_wconf 90' lang='lat' dir='ltr'>fit</span> <span class='ocrx_word' id='word_1_69' title='bbox 2284 812 2371 865; x_wconf 87' lang='lat' dir='ltr'>fu-</span> 
     </span>
     <span class='ocr_line' id='line_1_8' title="bbox 169 882 2016 949; baseline 0.001 -15"><span class='ocrx_word' id='word_1_70' title='bbox 169 889 315 942; x_wconf 91' lang='lat' dir='ltr'>cata,</span> <span class='ocrx_word' id='word_1_71' title='bbox 338 889 393 934; x_wconf 92' lang='lat' dir='ltr'>et</span> <span class='ocrx_word' id='word_1_72' title='bbox 412 898 536 934; x_wconf 95' lang='lat' dir='ltr'>non</span> <span class='ocrx_word' id='word_1_73' title='bbox 555 882 702 935; x_wconf 91' lang='lat' dir='ltr'>ferat</span> <span class='ocrx_word' id='word_1_74' title='bbox 720 882 916 934; x_wconf 92' lang='lat' dir='ltr'>secum</span> <span class='ocrx_word' id='word_1_75' title='bbox 936 882 1219 947; x_wconf 90' lang='lat' dir='ltr'>quasdam</span> <span class='ocrx_word' id='word_1_76' title='bbox 1238 882 1667 936; x_wconf 88' lang='lat' dir='ltr'>benevolentiae</span> <span class='ocrx_word' id='word_1_77' title='bbox 1686 884 2016 949; x_wconf 83' lang='lat' dir='ltr'>praestigiaS.</span> 
     </span>
     <span class='ocr_line' id='line_1_9' title="bbox 241 952 2371 1020; baseline 0.001 -15"><span class='ocrx_word' id='word_1_78' title='bbox 241 952 420 1016; x_wconf 92' lang='lat' dir='ltr'>Quod</span> <span class='ocrx_word' id='word_1_79' title='bbox 439 953 1021 1007; x_wconf 87' lang='lat' dir='ltr'>MAESTHLINUM</span> <span class='ocrx_word' id='word_1_80' title='bbox 1042 961 1246 1006; x_wconf 90' lang='lat' dir='ltr'>contra</span> <span class='ocrx_word' id='word_1_81' title='bbox 1264 970 1360 1007; x_wconf 93' lang='lat' dir='ltr'>me</span> <span class='ocrx_word' id='word_1_82' title='bbox 1381 954 1726 1016; x_wconf 82' lang='lat' dir='ltr'>defenderiS,</span> <span class='ocrx_word' id='word_1_83' title='bbox 1746 955 1843 1007; x_wconf 90' lang='lat' dir='ltr'>sed</span> <span class='ocrx_word' id='word_1_84' title='bbox 1863 970 1970 1020; x_wconf 91' lang='lat' dir='ltr'>ego</span> <span class='ocrx_word' id='word_1_85' title='bbox 1990 955 2155 1007; x_wconf 92' lang='lat' dir='ltr'>illam</span> <span class='ocrx_word' id='word_1_86' title='bbox 2175 955 2371 1008; x_wconf 85' lang='lat' dir='ltr'>defen-</span> 
     </span>
     <span class='ocr_line' id='line_1_10' title="bbox 168 1023 2371 1090; baseline 0.001 -14"><span class='ocrx_word' id='word_1_87' title='bbox 168 1023 390 1077; x_wconf 86' lang='lat' dir='ltr'>fionem</span> <span class='ocrx_word' id='word_1_88' title='bbox 410 1027 900 1090; x_wconf 91' lang='lat' dir='ltr'>impugnaverim,</span> <span class='ocrx_word' id='word_1_89' title='bbox 921 1041 1046 1077; x_wconf 94' lang='lat' dir='ltr'>non</span> <span class='ocrx_word' id='word_1_90' title='bbox 1059 1025 1170 1077; x_wconf 88' lang='lat' dir='ltr'>feci</span> <span class='ocrx_word' id='word_1_91' title='bbox 1185 1027 1259 1086; x_wconf 92' lang='lat' dir='ltr'>id,</span> <span class='ocrx_word' id='word_1_92' title='bbox 1279 1025 1428 1077; x_wconf 92' lang='lat' dir='ltr'>mihi</span> <span class='ocrx_word' id='word_1_93' title='bbox 1443 1026 1628 1087; x_wconf 92' lang='lat' dir='ltr'>crede,</span> <span class='ocrx_word' id='word_1_94' title='bbox 1649 1029 1733 1078; x_wconf 92' lang='lat' dir='ltr'>mi</span> <span class='ocrx_word' id='word_1_95' title='bbox 1745 1026 2045 1086; x_wconf 90' lang='lat' dir='ltr'>TYCHO,</span> <span class='ocrx_word' id='word_1_96' title='bbox 2065 1026 2161 1078; x_wconf 87' lang='lat' dir='ltr'>vel</span> <span class='ocrx_word' id='word_1_97' title='bbox 2174 1027 2371 1079; x_wconf 88' lang='lat' dir='ltr'>dissen-</span> 
     </span>
     <span class='ocr_line' id='line_1_11' title="bbox 78 1095 2372 1163; baseline 0.001 -16"><span class='ocrx_word' id='word_1_98' title='bbox 78 1111 121 1147; x_wconf 87' lang='lat'>10</span> <span class='ocrx_word' id='word_1_99' title='bbox 168 1095 344 1148; x_wconf 81' lang='lat' dir='ltr'>lionis</span> <span class='ocrx_word' id='word_1_100' title='bbox 374 1095 577 1158; x_wconf 82' lang='lat' dir='ltr'>studiO,</span> <span class='ocrx_word' id='word_1_101' title='bbox 609 1096 705 1148; x_wconf 89' lang='lat' dir='ltr'>vel</span> <span class='ocrx_word' id='word_1_102' title='bbox 737 1097 897 1161; x_wconf 93' lang='lat' dir='ltr'>quod</span> <span class='ocrx_word' id='word_1_103' title='bbox 924 1099 1230 1149; x_wconf 89' lang='lat' dir='ltr'>veritatem</span> <span class='ocrx_word' id='word_1_104' title='bbox 1262 1097 1572 1162; x_wconf 85' lang='lat' dir='ltr'>agnoscere</span> <span class='ocrx_word' id='word_1_105' title='bbox 1603 1098 1916 1158; x_wconf 90' lang='lat' dir='ltr'>noluerim,</span> <span class='ocrx_word' id='word_1_106' title='bbox 1950 1105 2052 1150; x_wconf 93' lang='lat' dir='ltr'>aut</span> <span class='ocrx_word' id='word_1_107' title='bbox 2084 1098 2244 1163; x_wconf 92' lang='lat' dir='ltr'>quod</span> <span class='ocrx_word' id='word_1_108' title='bbox 2276 1114 2372 1150; x_wconf 84' lang='lat' dir='ltr'>ex-</span> 
     </span>
     <span class='ocr_line' id='line_1_12' title="bbox 168 1166 2371 1234; baseline 0.001 -16"><span class='ocrx_word' id='word_1_109' title='bbox 168 1166 560 1228; x_wconf 85' lang='lat' dir='ltr'>istimaverim,</span> <span class='ocrx_word' id='word_1_110' title='bbox 587 1174 643 1220; x_wconf 93' lang='lat' dir='ltr'>te</span> <span class='ocrx_word' id='word_1_111' title='bbox 670 1183 804 1220; x_wconf 92' lang='lat' dir='ltr'>eam</span> <span class='ocrx_word' id='word_1_112' title='bbox 831 1167 1228 1220; x_wconf 76' lang='lat' dir='ltr'>defensionem</span> <span class='ocrx_word' id='word_1_113' title='bbox 1254 1168 1538 1220; x_wconf 82' lang='lat' dir='ltr'>alieniore</span> <span class='ocrx_word' id='word_1_114' title='bbox 1566 1184 1703 1234; x_wconf 92' lang='lat' dir='ltr'>erga</span> <span class='ocrx_word' id='word_1_115' title='bbox 1724 1184 1820 1221; x_wconf 93' lang='lat' dir='ltr'>me</span> <span class='ocrx_word' id='word_1_116' title='bbox 1844 1171 2048 1221; x_wconf 92' lang='lat' dir='ltr'>animo</span> <span class='ocrx_word' id='word_1_117' title='bbox 2067 1169 2371 1233; x_wconf 90' lang='lat' dir='ltr'>suscepisse,</span> 
     </span>
     <span class='ocr_line' id='line_1_13' title="bbox 168 1238 2373 1304; baseline 0.001 -14"><span class='ocrx_word' id='word_1_118' title='bbox 168 1245 271 1290; x_wconf 93' lang='lat' dir='ltr'>aut</span> <span class='ocrx_word' id='word_1_119' title='bbox 300 1238 556 1303; x_wconf 90' lang='lat' dir='ltr'>denique</span> <span class='ocrx_word' id='word_1_120' title='bbox 587 1239 746 1304; x_wconf 92' lang='lat' dir='ltr'>quod</span> <span class='ocrx_word' id='word_1_121' title='bbox 776 1239 1281 1292; x_wconf 89' lang='lat' dir='ltr'>MAESTHLINO</span> <span class='ocrx_word' id='word_1_122' title='bbox 1310 1239 1554 1291; x_wconf 83' lang='lat' dir='ltr'>studiose</span> <span class='ocrx_word' id='word_1_123' title='bbox 1585 1241 1983 1292; x_wconf 87' lang='lat' dir='ltr'>contradicere</span> <span class='ocrx_word' id='word_1_124' title='bbox 2011 1243 2075 1292; x_wconf 93' lang='lat' dir='ltr'>in</span> <span class='ocrx_word' id='word_1_125' title='bbox 2103 1243 2373 1293; x_wconf 89' lang='lat' dir='ltr'>animum</span> 
     </span>
     <span class='ocr_line' id='line_1_14' title="bbox 167 1309 2372 1376; baseline 0.001 -14"><span class='ocrx_word' id='word_1_126' title='bbox 167 1309 526 1362; x_wconf 85' lang='lat' dir='ltr'>induxerim:</span> <span class='ocrx_word' id='word_1_127' title='bbox 555 1326 734 1375; x_wconf 91' lang='lat' dir='ltr'>quem</span> <span class='ocrx_word' id='word_1_128' title='bbox 761 1326 868 1376; x_wconf 94' lang='lat' dir='ltr'>ego</span> <span class='ocrx_word' id='word_1_129' title='bbox 895 1326 1020 1362; x_wconf 91' lang='lat' dir='ltr'>non</span> <span class='ocrx_word' id='word_1_130' title='bbox 1044 1310 1234 1362; x_wconf 94' lang='lat' dir='ltr'>solum</span> <span class='ocrx_word' id='word_1_131' title='bbox 1260 1310 1335 1362; x_wconf 94' lang='lat' dir='ltr'>ob</span> <span class='ocrx_word' id='word_1_132' title='bbox 1362 1313 1489 1362; x_wconf 92' lang='lat' dir='ltr'>eius</span> <span class='ocrx_word' id='word_1_133' title='bbox 1508 1310 1856 1375; x_wconf 86' lang='lat' dir='ltr'>praeclaram</span> <span class='ocrx_word' id='word_1_134' title='bbox 1878 1311 2270 1364; x_wconf 91' lang='lat' dir='ltr'>eruditionem</span> <span class='ocrx_word' id='word_1_135' title='bbox 2290 1318 2372 1364; x_wconf 92' lang='lat' dir='ltr'>at-</span> 
     </span>
     <span class='ocr_line' id='line_1_15' title="bbox 169 1379 2373 1447; baseline 0 -14"><span class='ocrx_word' id='word_1_136' title='bbox 169 1396 285 1446; x_wconf 93' lang='lat' dir='ltr'>que</span> <span class='ocrx_word' id='word_1_137' title='bbox 300 1379 627 1434; x_wconf 68' lang='lat' dir='ltr'>doctrinam</span> <span class='ocrx_word' id='word_1_138' title='bbox 642 1388 697 1434; x_wconf 90' lang='lat' dir='ltr'>et</span> <span class='ocrx_word' id='word_1_139' title='bbox 711 1385 774 1433; x_wconf 91' lang='lat' dir='ltr'>in</span> <span class='ocrx_word' id='word_1_140' title='bbox 787 1381 1228 1434; x_wconf 88' lang='lat' dir='ltr'>Mathematicis</span> <span class='ocrx_word' id='word_1_141' title='bbox 1247 1381 1444 1447; x_wconf 88' lang='lat' dir='ltr'>studijs</span> <span class='ocrx_word' id='word_1_142' title='bbox 1463 1381 1711 1434; x_wconf 92' lang='lat' dir='ltr'>solidam</span> <span class='ocrx_word' id='word_1_143' title='bbox 1730 1385 2017 1447; x_wconf 91' lang='lat' dir='ltr'>peritiam,</span> <span class='ocrx_word' id='word_1_144' title='bbox 2038 1382 2373 1435; x_wconf 92' lang='lat' dir='ltr'>mirificam·</span> 
     </span>
     <span class='ocr_line' id='line_1_16' title="bbox 77 1452 2373 1519; baseline 0.001 -16"><span class='ocrx_word' id='word_1_145' title='bbox 77 1467 119 1503; x_wconf 85' lang='lat'>15</span> <span class='ocrx_word' id='word_1_146' title='bbox 169 1467 284 1516; x_wconf 93' lang='lat' dir='ltr'>que</span> <span class='ocrx_word' id='word_1_147' title='bbox 298 1455 362 1504; x_wconf 95' lang='lat' dir='ltr'>in</span> <span class='ocrx_word' id='word_1_148' title='bbox 374 1452 489 1505; x_wconf 89' lang='lat' dir='ltr'>illis</span> <span class='ocrx_word' id='word_1_149' title='bbox 503 1453 882 1519; x_wconf 85' lang='lat' dir='ltr'>diligentiam,</span> <span class='ocrx_word' id='word_1_150' title='bbox 897 1468 1106 1505; x_wconf 90' lang='lat' dir='ltr'>verum</span> <span class='ocrx_word' id='word_1_151' title='bbox 1121 1455 1300 1504; x_wconf 91' lang='lat' dir='ltr'>etiam</span> <span class='ocrx_word' id='word_1_152' title='bbox 1314 1452 1389 1504; x_wconf 93' lang='lat' dir='ltr'>ob</span> <span class='ocrx_word' id='word_1_153' title='bbox 1405 1456 1531 1505; x_wconf 93' lang='lat' dir='ltr'>eius</span> <span class='ocrx_word' id='word_1_154' title='bbox 1547 1468 1685 1518; x_wconf 90' lang='lat' dir='ltr'>erga</span> <span class='ocrx_word' id='word_1_155' title='bbox 1697 1469 1793 1505; x_wconf 91' lang='lat' dir='ltr'>me</span> <span class='ocrx_word' id='word_1_156' title='bbox 1807 1456 2075 1519; x_wconf 89' lang='lat' dir='ltr'>ignotum</span> <span class='ocrx_word' id='word_1_157' title='bbox 2090 1454 2373 1519; x_wconf 89' lang='lat' dir='ltr'>infignem</span> 
     </span>
     <span class='ocr_line' id='line_1_17' title="bbox 166 1522 2372 1591; baseline 0 -15"><span class='ocrx_word' id='word_1_158' title='bbox 166 1522 601 1576; x_wconf 90' lang='lat' dir='ltr'>humanitatem</span> <span class='ocrx_word' id='word_1_159' title='bbox 615 1531 671 1576; x_wconf 92' lang='lat' dir='ltr'>et</span> <span class='ocrx_word' id='word_1_160' title='bbox 683 1524 1176 1584; x_wconf 87' lang='lat' dir='ltr'>benevolentiam,</span> <span class='ocrx_word' id='word_1_161' title='bbox 1198 1524 1467 1588; x_wconf 91' lang='lat' dir='ltr'>adeoque</span> <span class='ocrx_word' id='word_1_162' title='bbox 1483 1526 1818 1585; x_wconf 93' lang='lat' dir='ltr'>candorem,</span> <span class='ocrx_word' id='word_1_163' title='bbox 1840 1526 1999 1589; x_wconf 93' lang='lat' dir='ltr'>quod</span> <span class='ocrx_word' id='word_1_164' title='bbox 2012 1540 2108 1577; x_wconf 94' lang='lat' dir='ltr'>me</span> <span class='ocrx_word' id='word_1_165' title='bbox 2122 1526 2372 1591; x_wconf 92' lang='lat' dir='ltr'>benigne</span> 
     </span>
     <span class='ocr_line' id='line_1_18' title="bbox 167 1595 2372 1661; baseline 0.001 -14"><span class='ocrx_word' id='word_1_166' title='bbox 167 1601 223 1647; x_wconf 92' lang='lat' dir='ltr'>et</span> <span class='ocrx_word' id='word_1_167' title='bbox 247 1595 693 1660; x_wconf 90' lang='lat' dir='ltr'>perhumaniter</span> <span class='ocrx_word' id='word_1_168' title='bbox 717 1599 781 1647; x_wconf 94' lang='lat' dir='ltr'>in</span> <span class='ocrx_word' id='word_1_169' title='bbox 805 1595 909 1648; x_wconf 93' lang='lat' dir='ltr'>suo</span> <span class='ocrx_word' id='word_1_170' title='bbox 935 1595 1039 1647; x_wconf 92' lang='lat' dir='ltr'>illo</span> <span class='ocrx_word' id='word_1_171' title='bbox 1065 1595 1138 1648; x_wconf 91' lang='lat' dir='ltr'>de</span> <span class='ocrx_word' id='word_1_172' title='bbox 1166 1595 1418 1648; x_wconf 92' lang='lat' dir='ltr'>Cometa</span> <span class='ocrx_word' id='word_1_173' title='bbox 1443 1598 1587 1648; x_wconf 90' lang='lat' dir='ltr'>anni</span> <span class='ocrx_word' id='word_1_174' title='bbox 1613 1597 1681 1649; x_wconf 91' lang='lat'>77</span> <span class='ocrx_word' id='word_1_175' title='bbox 1707 1596 1914 1661; x_wconf 89' lang='lat' dir='ltr'>scripto</span> <span class='ocrx_word' id='word_1_176' title='bbox 1938 1599 2252 1657; x_wconf 91' lang='lat' dir='ltr'>monuerit,</span> <span class='ocrx_word' id='word_1_177' title='bbox 2280 1612 2372 1649; x_wconf 91' lang='lat' dir='ltr'>ca·</span> 
     </span>
     <span class='ocr_line' id='line_1_19' title="bbox 166 1666 2372 1733; baseline 0 -14"><span class='ocrx_word' id='word_1_178' title='bbox 166 1673 271 1732; x_wconf 93' lang='lat' dir='ltr'>put</span> <span class='ocrx_word' id='word_1_179' title='bbox 298 1666 332 1719; x_wconf 91' lang='lat'>9</span> <span class='ocrx_word' id='word_1_180' title='bbox 360 1682 514 1719; x_wconf 88' lang='lat' dir='ltr'>meae</span> <span class='ocrx_word' id='word_1_181' title='bbox 546 1667 814 1719; x_wconf 84' lang='lat' dir='ltr'>Dialexis</span> <span class='ocrx_word' id='word_1_182' title='bbox 847 1668 950 1719; x_wconf 86' lang='lat' dir='ltr'>esse</span> <span class='ocrx_word' id='word_1_183' title='bbox 983 1667 1441 1727; x_wconf 91' lang='lat' dir='ltr'>emendandum,</span> <span class='ocrx_word' id='word_1_184' title='bbox 1473 1682 1546 1719; x_wconf 85' lang='lat' dir='ltr'>ex</span> <span class='ocrx_word' id='word_1_185' title='bbox 1573 1669 1777 1720; x_wconf 82' lang='lat' dir='ltr'>animo</span> <span class='ocrx_word' id='word_1_186' title='bbox 1811 1666 2165 1733; x_wconf 71' lang='lat' dir='ltr'>complector</span> <span class='ocrx_word' id='word_1_187' title='bbox 2195 1675 2372 1733; x_wconf 91' lang='lat' dir='ltr'>atque</span> 
     </span>
     <span class='ocr_line' id='line_1_20' title="bbox 168 1737 2372 1804; baseline 0.001 -14"><span class='ocrx_word' id='word_1_188' title='bbox 168 1737 487 1799; x_wconf 87' lang='lat' dir='ltr'>exosculor,</span> <span class='ocrx_word' id='word_1_189' title='bbox 508 1754 577 1790; x_wconf 88' lang='lat' dir='ltr'>ac</span> <span class='ocrx_word' id='word_1_190' title='bbox 596 1754 704 1803; x_wconf 92' lang='lat' dir='ltr'>pro</span> <span class='ocrx_word' id='word_1_191' title='bbox 723 1745 847 1791; x_wconf 93' lang='lat' dir='ltr'>tam</span> <span class='ocrx_word' id='word_1_192' title='bbox 865 1745 1139 1804; x_wconf 92' lang='lat' dir='ltr'>prompto</span> <span class='ocrx_word' id='word_1_193' title='bbox 1161 1744 1216 1790; x_wconf 90' lang='lat' dir='ltr'>et</span> <span class='ocrx_word' id='word_1_194' title='bbox 1234 1738 1524 1803; x_wconf 92' lang='lat' dir='ltr'>propenso</span> <span class='ocrx_word' id='word_1_195' title='bbox 1545 1741 1672 1791; x_wconf 93' lang='lat' dir='ltr'>eius</span> <span class='ocrx_word' id='word_1_196' title='bbox 1692 1741 1755 1791; x_wconf 91' lang='lat' dir='ltr'>in</span> <span class='ocrx_word' id='word_1_197' title='bbox 1774 1755 1870 1792; x_wconf 92' lang='lat' dir='ltr'>me</span> <span class='ocrx_word' id='word_1_198' title='bbox 1890 1742 2094 1791; x_wconf 92' lang='lat' dir='ltr'>animo</span> <span class='ocrx_word' id='word_1_199' title='bbox 2111 1742 2233 1792; x_wconf 92' lang='lat' dir='ltr'>iam</span> <span class='ocrx_word' id='word_1_200' title='bbox 2248 1755 2372 1792; x_wconf 94' lang='lat' dir='ltr'>non</span> 
     </span>
     <span class='ocr_line' id='line_1_21' title="bbox 71 1808 2380 1876; baseline 0.001 -15"><span class='ocrx_word' id='word_1_201' title='bbox 71 1823 118 1860; x_wconf 89' lang='lat'>20</span> <span class='ocrx_word' id='word_1_202' title='bbox 165 1815 398 1862; x_wconf 89' lang='lat' dir='ltr'>tantum</span> <span class='ocrx_word' id='word_1_203' title='bbox 417 1816 481 1862; x_wconf 93' lang='lat' dir='ltr'>ut</span> <span class='ocrx_word' id='word_1_204' title='bbox 500 1813 710 1870; x_wconf 81' lang='lat' dir='ltr'>amice,</span> <span class='ocrx_word' id='word_1_205' title='bbox 737 1810 833 1862; x_wconf 91' lang='lat' dir='ltr'>sed</span> <span class='ocrx_word' id='word_1_206' title='bbox 856 1816 920 1862; x_wconf 91' lang='lat' dir='ltr'>ut</span> <span class='ocrx_word' id='word_1_207' title='bbox 938 1810 1171 1862; x_wconf 92' lang='lat' dir='ltr'>homini</span> <span class='ocrx_word' id='word_1_208' title='bbox 1191 1808 1521 1871; x_wconf 73' lang='lat' dir='ltr'>doc&#39;tissimQ</span> <span class='ocrx_word' id='word_1_209' title='bbox 1548 1826 1708 1862; x_wconf 93' lang='lat' dir='ltr'>nunc</span> <span class='ocrx_word' id='word_1_210' title='bbox 1728 1826 1967 1875; x_wconf 91' lang='lat' dir='ltr'>quoque</span> <span class='ocrx_word' id='word_1_211' title='bbox 1987 1810 2181 1863; x_wconf 92' lang='lat' dir='ltr'>habeo</span> <span class='ocrx_word' id='word_1_212' title='bbox 2201 1814 2380 1876; x_wconf 82' lang='lat' dir='ltr'>grati-&#39;</span> 
     </span>
     <span class='ocr_line' id='line_1_22' title="bbox 166 1880 2370 1946; baseline 0.001 -13"><span class='ocrx_word' id='word_1_213' title='bbox 166 1895 282 1933; x_wconf 89' lang='lat' dir='ltr'>am.</span> <span class='ocrx_word' id='word_1_214' title='bbox 309 1880 513 1942; x_wconf 82' lang='lat' dir='ltr'>Nullo,</span> <span class='ocrx_word' id='word_1_215' title='bbox 539 1884 804 1946; x_wconf 91' lang='lat' dir='ltr'>inquam,</span> <span class='ocrx_word' id='word_1_216' title='bbox 831 1881 1117 1934; x_wconf 90' lang='lat' dir='ltr'>alieniore</span> <span class='ocrx_word' id='word_1_217' title='bbox 1138 1884 1342 1934; x_wconf 92' lang='lat' dir='ltr'>animo</span> <span class='ocrx_word' id='word_1_218' title='bbox 1362 1881 1458 1934; x_wconf 89' lang='lat' dir='ltr'>vel</span> <span class='ocrx_word' id='word_1_219' title='bbox 1477 1882 1582 1934; x_wconf 92' lang='lat' dir='ltr'>abs</span> <span class='ocrx_word' id='word_1_220' title='bbox 1601 1888 1674 1942; x_wconf 91' lang='lat' dir='ltr'>te,</span> <span class='ocrx_word' id='word_1_221' title='bbox 1693 1882 1790 1934; x_wconf 87' lang='lat' dir='ltr'>vel</span> <span class='ocrx_word' id='word_1_222' title='bbox 1809 1897 1847 1934; x_wconf 91' lang='lat' dir='ltr'>a</span> <span class='ocrx_word' id='word_1_223' title='bbox 1865 1882 2370 1935; x_wconf 91' lang='lat' dir='ltr'>MAESTHLINO</span> 
     </span>
     <span class='ocr_line' id='line_1_23' title="bbox 166 1952 2372 2018; baseline 0 -14"><span class='ocrx_word' id='word_1_224' title='bbox 166 1952 400 2014; x_wconf 86' lang='lat' dir='ltr'>dissenfi‚</span> <span class='ocrx_word' id='word_1_225' title='bbox 426 1952 522 2005; x_wconf 91' lang='lat' dir='ltr'>sed</span> <span class='ocrx_word' id='word_1_226' title='bbox 548 1953 709 2018; x_wconf 93' lang='lat' dir='ltr'>quod</span> <span class='ocrx_word' id='word_1_227' title='bbox 733 1952 953 2018; x_wconf 90' lang='lat' dir='ltr'>placuit</span> <span class='ocrx_word' id='word_1_228' title='bbox 978 1952 1159 2005; x_wconf 91' lang='lat' dir='ltr'>libere</span> <span class='ocrx_word' id='word_1_229' title='bbox 1178 1968 1378 2005; x_wconf 93' lang='lat' dir='ltr'>meam</span> <span class='ocrx_word' id='word_1_230' title='bbox 1396 1953 1743 2006; x_wconf 90' lang='lat' dir='ltr'>sententiam</span> <span class='ocrx_word' id='word_1_231' title='bbox 1761 1952 2044 2018; x_wconf 87' lang='lat' dir='ltr'>proferre:</span> <span class='ocrx_word' id='word_1_232' title='bbox 2070 1956 2152 2005; x_wconf 92' lang='lat' dir='ltr'>ita</span> <span class='ocrx_word' id='word_1_233' title='bbox 2170 1960 2372 2006; x_wconf 91' lang='lat' dir='ltr'>tamen</span> 
     </span>
     <span class='ocr_line' id='line_1_24' title="bbox 165 2024 2371 2089; baseline 0 -14"><span class='ocrx_word' id='word_1_234' title='bbox 165 2029 231 2075; x_wconf 93' lang='lat' dir='ltr'>ut</span> <span class='ocrx_word' id='word_1_235' title='bbox 251 2038 385 2076; x_wconf 91' lang='lat' dir='ltr'>eam</span> <span class='ocrx_word' id='word_1_236' title='bbox 403 2024 636 2076; x_wconf 89' lang='lat' dir='ltr'>meliori</span> <span class='ocrx_word' id='word_1_237' title='bbox 655 2025 875 2077; x_wconf 92' lang='lat' dir='ltr'>iudicio</span> <span class='ocrx_word' id='word_1_238' title='bbox 894 2024 1307 2086; x_wconf 92' lang='lat' dir='ltr'>submitterem,</span> <span class='ocrx_word' id='word_1_239' title='bbox 1335 2024 1841 2089; x_wconf 92' lang='lat' dir='ltr'>quemadmodum</span> <span class='ocrx_word' id='word_1_240' title='bbox 1863 2031 1984 2076; x_wconf 92' lang='lat' dir='ltr'>tute</span> <span class='ocrx_word' id='word_1_241' title='bbox 2004 2024 2149 2076; x_wconf 84' lang='lat' dir='ltr'>nosti</span> <span class='ocrx_word' id='word_1_242' title='bbox 2167 2040 2371 2077; x_wconf 93' lang='lat' dir='ltr'>meum</span> 
     </span>
     <span class='ocr_line' id='line_1_25' title="bbox 165 2095 2370 2160; baseline 0 -13"><span class='ocrx_word' id='word_1_243' title='bbox 165 2097 487 2160; x_wconf 91' lang='lat' dir='ltr'>ingenium,</span> <span class='ocrx_word' id='word_1_244' title='bbox 515 2096 676 2160; x_wconf 91' lang='lat' dir='ltr'>quod</span> <span class='ocrx_word' id='word_1_245' title='bbox 701 2111 896 2160; x_wconf 93' lang='lat' dir='ltr'>neque</span> <span class='ocrx_word' id='word_1_246' title='bbox 922 2095 1026 2148; x_wconf 93' lang='lat' dir='ltr'>sua</span> <span class='ocrx_word' id='word_1_247' title='bbox 1050 2098 1423 2160; x_wconf 91' lang='lat' dir='ltr'>pertinaciter</span> <span class='ocrx_word' id='word_1_248' title='bbox 1447 2098 1615 2157; x_wconf 92' lang='lat' dir='ltr'>tueri,</span> <span class='ocrx_word' id='word_1_249' title='bbox 1642 2111 1836 2160; x_wconf 91' lang='lat' dir='ltr'>neque</span> <span class='ocrx_word' id='word_1_250' title='bbox 1856 2098 1997 2148; x_wconf 89' lang='lat' dir='ltr'>viris</span> <span class='ocrx_word' id='word_1_251' title='bbox 2018 2095 2189 2148; x_wconf 92' lang='lat' dir='ltr'>bonis</span> <span class='ocrx_word' id='word_1_252' title='bbox 2210 2103 2265 2148; x_wconf 92' lang='lat' dir='ltr'>et</span> <span class='ocrx_word' id='word_1_253' title='bbox 2284 2099 2370 2148; x_wconf 93' lang='lat' dir='ltr'>in-</span> 
     </span>
     <span class='ocr_line' id='line_1_26' title="bbox 71 2165 2370 2231; baseline 0.001 -15"><span class='ocrx_word' id='word_1_254' title='bbox 71 2181 118 2216; x_wconf 78' lang='grc'>25</span> <span class='ocrx_word' id='word_1_255' title='bbox 166 2169 340 2231; x_wconf 93' lang='lat' dir='ltr'>genio</span> <span class='ocrx_word' id='word_1_256' title='bbox 359 2166 705 2220; x_wconf 87' lang='lat' dir='ltr'>florentibus</span> <span class='ocrx_word' id='word_1_257' title='bbox 726 2183 935 2219; x_wconf 92' lang='lat' dir='ltr'>eorum</span> <span class='ocrx_word' id='word_1_258' title='bbox 955 2165 1237 2219; x_wconf 65' lang='lat' dir='ltr'>doetrinae</span> <span class='ocrx_word' id='word_1_259' title='bbox 1256 2174 1310 2219; x_wconf 89' lang='lat' dir='ltr'>et</span> <span class='ocrx_word' id='word_1_260' title='bbox 1328 2167 1646 2219; x_wconf 91' lang='lat' dir='ltr'>celebritati</span> <span class='ocrx_word' id='word_1_261' title='bbox 1662 2166 1839 2219; x_wconf 86' lang='lat' dir='ltr'>famae</span> <span class='ocrx_word' id='word_1_262' title='bbox 1854 2166 2161 2219; x_wconf 89' lang='lat' dir='ltr'>detrahere</span> <span class='ocrx_word' id='word_1_263' title='bbox 2174 2167 2370 2219; x_wconf 88' lang='lat' dir='ltr'>soleat.</span> 
     </span>
     <span class='ocr_line' id='line_1_27' title="bbox 167 2237 2372 2303; baseline 0 -13"><span class='ocrx_word' id='word_1_264' title='bbox 167 2237 372 2302; x_wconf 89' lang='lat' dir='ltr'>Itaque</span> <span class='ocrx_word' id='word_1_265' title='bbox 402 2238 562 2303; x_wconf 90' lang='lat' dir='ltr'>quod</span> <span class='ocrx_word' id='word_1_266' title='bbox 590 2245 655 2290; x_wconf 93' lang='lat' dir='ltr'>tu</span> <span class='ocrx_word' id='word_1_267' title='bbox 683 2241 746 2290; x_wconf 94' lang='lat' dir='ltr'>in</span> <span class='ocrx_word' id='word_1_268' title='bbox 774 2241 922 2290; x_wconf 91' lang='lat' dir='ltr'>meis</span> <span class='ocrx_word' id='word_1_269' title='bbox 951 2254 1076 2290; x_wconf 95' lang='lat' dir='ltr'>non</span> <span class='ocrx_word' id='word_1_270' title='bbox 1104 2238 1272 2290; x_wconf 89' lang='lat' dir='ltr'>nulla</span> <span class='ocrx_word' id='word_1_271' title='bbox 1301 2238 1645 2303; x_wconf 90' lang='lat' dir='ltr'>corrigenda</span> <span class='ocrx_word' id='word_1_272' title='bbox 1672 2245 1726 2290; x_wconf 92' lang='lat' dir='ltr'>et</span> <span class='ocrx_word' id='word_1_273' title='bbox 1754 2237 2242 2302; x_wconf 91' lang='lat' dir='ltr'>reprehendenda</span> <span class='ocrx_word' id='word_1_274' title='bbox 2268 2237 2372 2290; x_wconf 92' lang='lat' dir='ltr'>tibi</span> 
     </span>
     <span class='ocr_line' id='line_1_28' title="bbox 165 2308 2370 2374; baseline 0 -14"><span class='ocrx_word' id='word_1_275' title='bbox 165 2308 488 2373; x_wconf 90' lang='lat' dir='ltr'>sumpseris,</span> <span class='ocrx_word' id='word_1_276' title='bbox 510 2309 1060 2362; x_wconf 91' lang='lat' dir='ltr'>MAESTHLINUS</span> <span class='ocrx_word' id='word_1_277' title='bbox 1075 2325 1314 2374; x_wconf 92' lang='lat' dir='ltr'>quoque</span> <span class='ocrx_word' id='word_1_278' title='bbox 1329 2312 1392 2361; x_wconf 92' lang='lat' dir='ltr'>in</span> <span class='ocrx_word' id='word_1_279' title='bbox 1406 2309 1753 2374; x_wconf 87' lang='lat' dir='ltr'>quibusdam</span> <span class='ocrx_word' id='word_1_280' title='bbox 1766 2316 2035 2362; x_wconf 92' lang='lat' dir='ltr'>amanter</span> <span class='ocrx_word' id='word_1_281' title='bbox 2048 2315 2104 2362; x_wconf 92' lang='lat' dir='ltr'>et</span> <span class='ocrx_word' id='word_1_282' title='bbox 2116 2309 2370 2362; x_wconf 92' lang='lat' dir='ltr'>modeste</span> 
     </span>
     <span class='ocr_line' id='line_1_29' title="bbox 165 2380 2370 2446; baseline 0 -14"><span class='ocrx_word' id='word_1_283' title='bbox 165 2383 479 2442; x_wconf 92' lang='lat' dir='ltr'>monuerit,</span> <span class='ocrx_word' id='word_1_284' title='bbox 511 2380 626 2433; x_wconf 91' lang='lat' dir='ltr'>hoc</span> <span class='ocrx_word' id='word_1_285' title='bbox 656 2382 984 2446; x_wconf 90' lang='lat' dir='ltr'>corrigendi</span> <span class='ocrx_word' id='word_1_286' title='bbox 1017 2387 1072 2433; x_wconf 91' lang='lat' dir='ltr'>et</span> <span class='ocrx_word' id='word_1_287' title='bbox 1099 2380 1570 2445; x_wconf 91' lang='lat' dir='ltr'>reprehendendi</span> <span class='ocrx_word' id='word_1_288' title='bbox 1599 2380 1863 2433; x_wconf 87' lang='lat' dir='ltr'>officium</span> <span class='ocrx_word' id='word_1_289' title='bbox 1891 2381 1966 2433; x_wconf 90' lang='lat' dir='ltr'>ab</span> <span class='ocrx_word' id='word_1_290' title='bbox 1995 2388 2245 2445; x_wconf 89' lang='lat' dir='ltr'>utroque</span> <span class='ocrx_word' id='word_1_291' title='bbox 2273 2396 2370 2433; x_wconf 88' lang='lat' dir='ltr'>ve-</span> 
     </span>
     <span class='ocr_line' id='line_1_30' title="bbox 165 2450 2369 2517; baseline 0 -14"><span class='ocrx_word' id='word_1_292' title='bbox 165 2450 359 2511; x_wconf 78' lang='lat' dir='ltr'>strum,</span> <span class='ocrx_word' id='word_1_293' title='bbox 391 2454 678 2517; x_wconf 92' lang='lat' dir='ltr'>quoniam</span> <span class='ocrx_word' id='word_1_294' title='bbox 703 2452 777 2505; x_wconf 91' lang='lat' dir='ltr'>ab</span> <span class='ocrx_word' id='word_1_295' title='bbox 804 2455 1064 2517; x_wconf 93' lang='lat' dir='ltr'>ingenuo</span> <span class='ocrx_word' id='word_1_296' title='bbox 1092 2459 1146 2504; x_wconf 93' lang='lat' dir='ltr'>et</span> <span class='ocrx_word' id='word_1_297' title='bbox 1170 2451 1463 2505; x_wconf 88' lang='lat' dir='ltr'>benevolo</span> <span class='ocrx_word' id='word_1_298' title='bbox 1492 2455 1696 2504; x_wconf 93' lang='lat' dir='ltr'>animo</span> <span class='ocrx_word' id='word_1_299' title='bbox 1725 2450 2049 2517; x_wconf 64' lang='lat' dir='ltr'>profectum</span> <span class='ocrx_word' id='word_1_300' title='bbox 2079 2453 2182 2504; x_wconf 91' lang='lat' dir='ltr'>esse</span> <span class='ocrx_word' id='word_1_301' title='bbox 2210 2454 2369 2513; x_wconf 90' lang='lat' dir='ltr'>novi,</span> 
     </span>
     <span class='ocr_line' id='line_1_31' title="bbox 71 2523 2370 2589; baseline 0.001 -16"><span class='ocrx_word' id='word_1_302' title='bbox 71 2537 119 2572; x_wconf 86' lang='grc' dir='ltr'>3ο</span> <span class='ocrx_word' id='word_1_303' title='bbox 166 2537 292 2574; x_wconf 86' lang='grc'>11011</span> <span class='ocrx_word' id='word_1_304' title='bbox 304 2526 493 2588; x_wconf 79' lang='lat' dir='ltr'>potuit</span> <span class='ocrx_word' id='word_1_305' title='bbox 506 2539 630 2576; x_wconf 93' lang='lat' dir='ltr'>non</span> <span class='ocrx_word' id='word_1_306' title='bbox 646 2524 748 2576; x_wconf 87' lang='lat' dir='ltr'>esse</span> <span class='ocrx_word' id='word_1_307' title='bbox 763 2524 1152 2589; x_wconf 85' lang='lat' dir='ltr'>gratissimum.</span> <span class='ocrx_word' id='word_1_308' title='bbox 1175 2523 1334 2576; x_wconf 93' lang='lat' dir='ltr'>Sicut</span> <span class='ocrx_word' id='word_1_309' title='bbox 1349 2531 1553 2575; x_wconf 93' lang='lat' dir='ltr'>contra</span> <span class='ocrx_word' id='word_1_310' title='bbox 1566 2539 1691 2575; x_wconf 94' lang='lat' dir='ltr'>non</span> <span class='ocrx_word' id='word_1_311' title='bbox 1703 2526 1870 2588; x_wconf 93' lang='lat' dir='ltr'>potui</span> <span class='ocrx_word' id='word_1_312' title='bbox 1883 2539 2007 2575; x_wconf 93' lang='lat' dir='ltr'>non</span> <span class='ocrx_word' id='word_1_313' title='bbox 2020 2524 2370 2588; x_wconf 88' lang='lat' dir='ltr'>iniquissimo</span> 
     </span>
     <span class='ocr_line' id='line_1_32' title="bbox 165 2593 2369 2659; baseline 0 -13"><span class='ocrx_word' id='word_1_314' title='bbox 165 2596 370 2646; x_wconf 90' lang='lat' dir='ltr'>animo</span> <span class='ocrx_word' id='word_1_315' title='bbox 389 2594 540 2647; x_wconf 91' lang='lat' dir='ltr'>ferre</span> <span class='ocrx_word' id='word_1_316' title='bbox 560 2597 783 2647; x_wconf 91' lang='lat' dir='ltr'>atrocia</span> <span class='ocrx_word' id='word_1_317' title='bbox 802 2595 906 2647; x_wconf 93' lang='lat' dir='ltr'>illa</span> <span class='ocrx_word' id='word_1_318' title='bbox 925 2597 1193 2647; x_wconf 85' lang='lat' dir='ltr'>convicia</span> <span class='ocrx_word' id='word_1_319' title='bbox 1214 2602 1269 2647; x_wconf 91' lang='lat' dir='ltr'>et</span> <span class='ocrx_word' id='word_1_320' title='bbox 1287 2593 1614 2656; x_wconf 64' lang='lat' dir='ltr'>maledieta,</span> <span class='ocrx_word' id='word_1_321' title='bbox 1643 2610 1778 2659; x_wconf 87' lang='lat' dir='ltr'>quae</span> <span class='ocrx_word' id='word_1_322' title='bbox 1798 2597 1861 2647; x_wconf 93' lang='lat' dir='ltr'>in</span> <span class='ocrx_word' id='word_1_323' title='bbox 1880 2610 1976 2646; x_wconf 95' lang='lat' dir='ltr'>me</span> <span class='ocrx_word' id='word_1_324' title='bbox 1996 2596 2369 2659; x_wconf 89' lang='lat' dir='ltr'>impurissime</span> 
     </span>
     <span class='ocr_line' id='line_1_33' title="bbox 166 2666 2368 2732; baseline -0 -14"><span class='ocrx_word' id='word_1_325' title='bbox 166 2671 222 2717; x_wconf 90' lang='lat' dir='ltr'>et</span> <span class='ocrx_word' id='word_1_326' title='bbox 241 2667 725 2730; x_wconf 89' lang='lat' dir='ltr'>impudentissime</span> <span class='ocrx_word' id='word_1_327' title='bbox 747 2673 1138 2718; x_wconf 90' lang='lat' dir='ltr'>evomuerunt</span> <span class='ocrx_word' id='word_1_328' title='bbox 1157 2666 1430 2732; x_wconf 86' lang='lat' dir='ltr'>mastygae</span> <span class='ocrx_word' id='word_1_329' title='bbox 1450 2666 1535 2718; x_wconf 91' lang='lat' dir='ltr'>illi</span> <span class='ocrx_word' id='word_1_330' title='bbox 1554 2669 1689 2726; x_wconf 92' lang='lat' dir='ltr'>mei,</span> <span class='ocrx_word' id='word_1_331' title='bbox 1710 2673 1853 2731; x_wconf 94' lang='lat' dir='ltr'>puta</span> <span class='ocrx_word' id='word_1_332' title='bbox 1865 2666 1964 2718; x_wconf 92' lang='lat' dir='ltr'>ille</span> <span class='ocrx_word' id='word_1_333' title='bbox 1977 2668 2262 2731; x_wconf 83' lang='lat' dir='ltr'>impuruS,</span> <span class='ocrx_word' id='word_1_334' title='bbox 2283 2668 2368 2717; x_wconf 91' lang='lat' dir='ltr'>in-</span> 
     </span>
     <span class='ocr_line' id='line_1_34' title="bbox 164 2735 2369 2804; baseline 0 -16"><span class='ocrx_word' id='word_1_335' title='bbox 164 2735 339 2789; x_wconf 87' lang='lat' dir='ltr'>famis</span> <span class='ocrx_word' id='word_1_336' title='bbox 358 2744 412 2789; x_wconf 92' lang='lat' dir='ltr'>et</span> <span class='ocrx_word' id='word_1_337' title='bbox 427 2737 662 2804; x_wconf 89' lang='lat' dir='ltr'>flagitijs</span> <span class='ocrx_word' id='word_1_338' title='bbox 682 2739 1261 2790; x_wconf 88' lang='lat' dir='ltr'>contaminatissimus</span> <span class='ocrx_word' id='word_1_339' title='bbox 1282 2737 1792 2797; x_wconf 90' lang='lat' dir='ltr'><strong>RAIMUNDUS‚</strong></span> <span class='ocrx_word' id='word_1_340' title='bbox 1815 2744 1869 2789; x_wconf 93' lang='lat' dir='ltr'>et</span> <span class='ocrx_word' id='word_1_341' title='bbox 1889 2737 2034 2789; x_wconf 92' lang='lat' dir='ltr'>alter</span> <span class='ocrx_word' id='word_1_342' title='bbox 2054 2740 2107 2788; x_wconf 93' lang='lat' dir='ltr'>ei</span> <span class='ocrx_word' id='word_1_343' title='bbox 2127 2752 2251 2789; x_wconf 91' lang='lat' dir='ltr'>non</span> <span class='ocrx_word' id='word_1_344' title='bbox 2270 2737 2369 2789; x_wconf 92' lang='lat' dir='ltr'>ab·</span> 
     </span>
     <span class='ocr_line' id='line_1_35' title="bbox 164 2807 2369 2873; baseline 0 -13"><span class='ocrx_word' id='word_1_345' title='bbox 164 2807 364 2860; x_wconf 85' lang='lat' dir='ltr'>fimilis</span> <span class='ocrx_word' id='word_1_346' title='bbox 388 2811 764 2870; x_wconf 88' lang='lat' dir='ltr'>conviciator,</span> <span class='ocrx_word' id='word_1_347' title='bbox 793 2809 1303 2862; x_wconf 87' lang='lat' dir='ltr'>GRAMINAEUS</span> <span class='ocrx_word' id='word_1_348' title='bbox 1323 2809 1570 2873; x_wconf 85' lang='lat' dir='ltr'>Verpus,</span> <span class='ocrx_word' id='word_1_349' title='bbox 1596 2808 1887 2873; x_wconf 91' lang='lat' dir='ltr'>huiusque</span> <span class='ocrx_word' id='word_1_350' title='bbox 1912 2808 2369 2860; x_wconf 90' lang='lat' dir='ltr'>succenturiatus</span> 
     </span>
     <span class='ocr_line' id='line_1_36' title="bbox 70 2879 2368 2946; baseline 0 -16"><span class='ocrx_word' id='word_1_351' title='bbox 70 2893 117 2929; x_wconf 85' lang='lat'>35</span> <span class='ocrx_word' id='word_1_352' title='bbox 166 2879 604 2942; x_wconf 89' lang='lat' dir='ltr'>LINDANUS,</span> <span class='ocrx_word' id='word_1_353' title='bbox 634 2896 917 2946; x_wconf 92' lang='lat' dir='ltr'>arrogans</span> <span class='ocrx_word' id='word_1_354' title='bbox 947 2888 1002 2933; x_wconf 93' lang='lat' dir='ltr'>et</span> <span class='ocrx_word' id='word_1_355' title='bbox 1030 2880 1304 2946; x_wconf 90' lang='lat' dir='ltr'>petulans</span> <span class='ocrx_word' id='word_1_356' title='bbox 1330 2880 1670 2945; x_wconf 86' lang='lat' dir='ltr'>Episcopus:</span> <span class='ocrx_word' id='word_1_357' title='bbox 1701 2882 1803 2944; x_wconf 90' lang='lat' dir='ltr'>qui</span> <span class='ocrx_word' id='word_1_358' title='bbox 1829 2895 2037 2931; x_wconf 93' lang='lat' dir='ltr'>omnes</span> <span class='ocrx_word' id='word_1_359' title='bbox 2064 2880 2261 2931; x_wconf 88' lang='lat' dir='ltr'>omissa</span> <span class='ocrx_word' id='word_1_360' title='bbox 2288 2894 2368 2940; x_wconf 95' lang='lat' dir='ltr'>re,</span> 
     </span>
     <span class='ocr_line' id='line_1_37' title="bbox 166 2948 2369 3016; baseline 0 -14"><span class='ocrx_word' id='word_1_361' title='bbox 166 2950 238 3003; x_wconf 92' lang='lat' dir='ltr'>de</span> <span class='ocrx_word' id='word_1_362' title='bbox 259 2966 379 3015; x_wconf 91' lang='lat' dir='ltr'>qua</span> <span class='ocrx_word' id='word_1_363' title='bbox 398 2951 707 3016; x_wconf 93' lang='lat' dir='ltr'>disputatio</span> <span class='ocrx_word' id='word_1_364' title='bbox 724 2951 978 3004; x_wconf 83' lang='lat' dir='ltr'>instituta</span> <span class='ocrx_word' id='word_1_365' title='bbox 994 2952 1201 3012; x_wconf 86' lang='lat' dir='ltr'>fuerat,</span> <span class='ocrx_word' id='word_1_366' title='bbox 1222 2954 1326 3003; x_wconf 93' lang='lat' dir='ltr'>toti</span> <span class='ocrx_word' id='word_1_367' title='bbox 1340 2952 1415 3003; x_wconf 94' lang='lat' dir='ltr'>ad</span> <span class='ocrx_word' id='word_1_368' title='bbox 1431 2954 1698 3003; x_wconf 91' lang='lat' dir='ltr'>convicia</span> <span class='ocrx_word' id='word_1_369' title='bbox 1712 2957 1767 3003; x_wconf 92' lang='lat' dir='ltr'>et</span> <span class='ocrx_word' id='word_1_370' title='bbox 1779 2948 2091 3003; x_wconf 66' lang='lat' dir='ltr'>maledidta</span> <span class='ocrx_word' id='word_1_371' title='bbox 2104 2950 2369 3002; x_wconf 35' lang='lat' dir='ltr'>sesevcon·</span> 
     </span>
     <span class='ocr_line' id='line_1_38' title="bbox 164 3021 2368 3082; baseline 0 -9"><span class='ocrx_word' id='word_1_372' title='bbox 164 3029 479 3075; x_wconf 87' lang='lat' dir='ltr'>verterunt.</span> <span class='ocrx_word' id='word_1_373' title='bbox 513 3023 627 3075; x_wconf 92' lang='lat' dir='ltr'>Sed</span> <span class='ocrx_word' id='word_1_374' title='bbox 660 3023 795 3075; x_wconf 93' lang='lat' dir='ltr'>DEI</span> <span class='ocrx_word' id='word_1_375' title='bbox 826 3023 1115 3075; x_wconf 92' lang='lat' dir='ltr'>beneficio</span> <span class='ocrx_word' id='word_1_376' title='bbox 1145 3023 1421 3075; x_wconf 92' lang='lat' dir='ltr'>omnibus</span> <span class='ocrx_word' id='word_1_377' title='bbox 1450 3038 1487 3075; x_wconf 94' lang='lat' dir='ltr'>a</span> <span class='ocrx_word' id='word_1_378' title='bbox 1514 3038 1610 3073; x_wconf 94' lang='lat' dir='ltr'>me</span> <span class='ocrx_word' id='word_1_379' title='bbox 1638 3038 1745 3074; x_wconf 90' lang='lat' dir='ltr'>ora</span> <span class='ocrx_word' id='word_1_380' title='bbox 1774 3021 2004 3074; x_wconf 87' lang='lat' dir='ltr'>occlusa</span> <span class='ocrx_word' id='word_1_381' title='bbox 2034 3021 2179 3082; x_wconf 92' lang='lat' dir='ltr'>sunt,</span> <span class='ocrx_word' id='word_1_382' title='bbox 2212 3021 2368 3073; x_wconf 87' lang='lat' dir='ltr'>RAI-</span> 
     </span>
     <span class='ocr_line' id='line_1_39' title="bbox 166 3092 2367 3159; baseline 0 -15"><span class='ocrx_word' id='word_1_383' title='bbox 166 3092 478 3146; x_wconf 92' lang='lat' dir='ltr'>MUNDO</span> <span class='ocrx_word' id='word_1_384' title='bbox 500 3094 741 3158; x_wconf 90' lang='lat' dir='ltr'>quidem</span> <span class='ocrx_word' id='word_1_385' title='bbox 760 3101 928 3146; x_wconf 91' lang='lat' dir='ltr'>terna</span> <span class='ocrx_word' id='word_1_386' title='bbox 947 3094 1333 3159; x_wconf 82' lang='lat' dir='ltr'>responsione,</span> <span class='ocrx_word' id='word_1_387' title='bbox 1363 3093 1830 3146; x_wconf 89' lang='lat' dir='ltr'><strong>GRAMINAEO</strong></span> <span class='ocrx_word' id='word_1_388' title='bbox 1850 3108 1992 3145; x_wconf 90' lang='lat' dir='ltr'>vero</span> <span class='ocrx_word' id='word_1_389' title='bbox 2014 3099 2070 3145; x_wconf 91' lang='lat' dir='ltr'>et</span> <span class='ocrx_word' id='word_1_390' title='bbox 2089 3092 2367 3144; x_wconf 90' lang='lat' dir='ltr'>LINDA-</span> 
     </span>
     <span class='ocr_line' id='line_1_40' title="bbox 167 3163 2369 3229; baseline 0 -14"><span class='ocrx_word' id='word_1_391' title='bbox 167 3163 286 3216; x_wconf 90' lang='grc' dir='ltr'>ΝΟ</span> <span class='ocrx_word' id='word_1_392' title='bbox 308 3164 592 3229; x_wconf 92' lang='lat' dir='ltr'>Episcopo</span> <span class='ocrx_word' id='word_1_393' title='bbox 606 3181 793 3217; x_wconf 93' lang='lat' dir='ltr'>manu</span> <span class='ocrx_word' id='word_1_394' title='bbox 805 3165 1012 3229; x_wconf 90' lang='lat' dir='ltr'>scripto</span> <span class='ocrx_word' id='word_1_395' title='bbox 1026 3168 1144 3216; x_wconf 92' lang='lat' dir='ltr'>mei</span> <span class='ocrx_word' id='word_1_396' title='bbox 1158 3164 1474 3228; x_wconf 90' lang='lat' dir='ltr'>Aquilonis</span> <span class='ocrx_word' id='word_1_397' title='bbox 1489 3164 1762 3216; x_wconf 87' lang='lat' dir='ltr'>Historici</span> <span class='ocrx_word' id='word_1_398' title='bbox 1775 3164 2116 3225; x_wconf 82' lang='lat' dir='ltr'>ProdromO,</span> <span class='ocrx_word' id='word_1_399' title='bbox 2137 3167 2369 3228; x_wconf 91' lang='lat' dir='ltr'>utrique</span> 
     </span>
     <span class='ocr_line' id='line_1_41' title="bbox 71 3235 2367 3299; baseline 0.001 -14"><span class='ocrx_word' id='word_1_400' title='bbox 71 3249 119 3284; x_wconf 79' lang='lat'>40</span> <span class='ocrx_word' id='word_1_401' title='bbox 167 3237 289 3287; x_wconf 90' lang='lat' dir='ltr'>iam</span> <span class='ocrx_word' id='word_1_402' title='bbox 309 3242 445 3288; x_wconf 91' lang='lat' dir='ltr'>ante</span> <span class='ocrx_word' id='word_1_403' title='bbox 466 3236 499 3288; x_wconf 90' lang='lat'>9</span> <span class='ocrx_word' id='word_1_404' title='bbox 518 3236 640 3288; x_wconf 90' lang='lat' dir='ltr'>fere</span> <span class='ocrx_word' id='word_1_405' title='bbox 660 3251 852 3288; x_wconf 93' lang='lat' dir='ltr'>annos</span> <span class='ocrx_word' id='word_1_406' title='bbox 871 3235 1201 3288; x_wconf 88' lang='lat' dir='ltr'>transmisso.</span> <span class='ocrx_word' id='word_1_407' title='bbox 1232 3235 1522 3299; x_wconf 91' lang='lat' dir='ltr'>Quamvis</span> <span class='ocrx_word' id='word_1_408' title='bbox 1548 3242 1749 3288; x_wconf 89' lang='lat' dir='ltr'>autem</span> <span class='ocrx_word' id='word_1_409' title='bbox 1775 3251 1910 3287; x_wconf 94' lang='lat' dir='ltr'>cum</span> <span class='ocrx_word' id='word_1_410' title='bbox 1933 3235 2054 3287; x_wconf 93' lang='lat' dir='ltr'>solo</span> <span class='ocrx_word' id='word_1_411' title='bbox 2077 3235 2367 3288; x_wconf 87' lang='lat' dir='ltr'>GRAMI-</span> 
     </span>
     <span class='ocr_line' id='line_1_42' title="bbox 41 3302 2365 3375; baseline 0.001 -20"><span class='ocrx_word' id='word_1_412' title='bbox 41 3312 152 3356; x_wconf 75' lang='lat' dir='ltr'>115v</span> <span class='ocrx_word' id='word_1_413' title='bbox 166 3305 362 3358; x_wconf 90' lang='lat' dir='ltr'>NAEO</span> <span class='ocrx_word' id='word_1_414' title='bbox 376 3306 486 3358; x_wconf 88' lang='lat' dir='ltr'>fuit</span> <span class='ocrx_word' id='word_1_415' title='bbox 499 3302 521 3375; x_wconf 87' lang='grc' dir='ltr'>ΙΙ</span> <span class='ocrx_word' id='word_1_416' title='bbox 534 3306 682 3358; x_wconf 93' lang='lat' dir='ltr'>mihi</span> <span class='ocrx_word' id='word_1_417' title='bbox 696 3307 952 3371; x_wconf 90' lang='lat' dir='ltr'>suscepta</span> <span class='ocrx_word' id='word_1_418' title='bbox 966 3306 1291 3371; x_wconf 91' lang='lat' dir='ltr'>disputati0‚</span> <span class='ocrx_word' id='word_1_419' title='bbox 1312 3307 1596 3371; x_wconf 80' lang='lat' dir='ltr'>liquidem</span> <span class='ocrx_word' id='word_1_420' title='bbox 1616 3307 1882 3371; x_wconf 91' lang='lat' dir='ltr'>Episcopi</span> <span class='ocrx_word' id='word_1_421' title='bbox 1901 3306 2059 3358; x_wconf 90' lang='lat' dir='ltr'>illius</span> <span class='ocrx_word' id='word_1_422' title='bbox 2079 3306 2365 3371; x_wconf 90' lang='lat' dir='ltr'>nuspiam,</span> 
     </span>
     <span class='ocr_line' id='line_1_43' title="bbox 165 3377 2367 3501; baseline 0 -72"><span class='ocrx_word' id='word_1_423' title='bbox 165 3392 242 3429; x_wconf 93' lang='lat' dir='ltr'>ne</span> <span class='ocrx_word' id='word_1_424' title='bbox 261 3380 439 3431; x_wconf 92' lang='lat' dir='ltr'>unico</span> <span class='ocrx_word' id='word_1_425' title='bbox 459 3378 720 3440; x_wconf 89' lang='lat' dir='ltr'>verbu10,</span> <span class='ocrx_word' id='word_1_426' title='bbox 746 3380 1112 3430; x_wconf 92' lang='lat' dir='ltr'>mentionem</span> <span class='ocrx_word' id='word_1_427' title='bbox 1130 3378 1403 3440; x_wconf 89' lang='lat' dir='ltr'>feceram,</span> <span class='ocrx_word' id='word_1_428' title='bbox 1428 3384 1660 3430; x_wconf 91' lang='lat' dir='ltr'>tantum</span> <span class='ocrx_word' id='word_1_429' title='bbox 1679 3377 1848 3439; x_wconf 89' lang='lat' dir='ltr'>abest,</span> <span class='ocrx_word' id='word_1_430' title='bbox 1876 3384 1940 3430; x_wconf 93' lang='lat' dir='ltr'>ut</span> <span class='ocrx_word' id='word_1_431' title='bbox 1966 3378 2115 3431; x_wconf 91' lang='lat' dir='ltr'>alias</span> <span class='ocrx_word' id='word_1_432' title='bbox 2102 3378 2367 3501; x_wconf 56' lang='lat' dir='ltr'>allspiam</span> 
     </span>
     <span class='ocr_line' id='line_1_44' title="bbox 2186 3463 2367 3514; baseline 0 -13"><span class='ocrx_word' id='word_1_433' title='bbox 2186 3463 2367 3514; x_wconf 92' lang='lat' dir='ltr'>quam</span> 
     </span>
    </p>
   </div>
  </div>
 </body>
</html>
