2632 4022
193 315 499 369 TYCHO
525 316 648 368 AD
676 316 1159 369 HENRICUM
1186 315 1719 368 RANZOVIUM
1746 315 1809 367 19
1837 314 2025 368 OCT.
2054 315 2200 367 1587
2292 313 2396 367 385

194 459 491 512 Lubecam
506 458 918 524 ablegaverim‚
934 466 998 511 ut
1011 474 1303 525 papyrum
1317 459 1751 523 impressoriam,
1771 473 1953 522 quam
1968 460 2132 522 operi
2147 456 2399 517 cuidam,

195 530 355 596 quod
381 546 541 582 nunc
566 533 717 596 typis
745 533 894 582 meis
924 529 1276 590 elaboratur,
1306 529 1690 582 sufficientem
1719 529 1994 588 desidero,
2025 528 2142 581 illic
2170 536 2401 581 mature

195 608 483 666 procuret,
513 607 567 653 et
594 602 872 666 quaedam
899 601 1018 654 alia
1043 604 1295 667 negotia,
1324 617 1460 666 quae
1486 604 1549 653 in
1574 601 1870 653 mandatis
1895 600 2088 660 habet,
2117 601 2240 652 una
2264 614 2401 651 meo

196 675 440 725 nomine
467 674 755 737 expediat.
786 673 1006 725 Idcirco
1032 689 1156 725 non
1181 673 1411 732 inscius,
1443 673 1828 738 Segebergam
1854 675 2032 724 unius
2058 671 2260 724 saltem
2287 671 2404 723 diei

102 766 125 801 ⁵
197 747 404 796 itinere
431 743 592 796 illinc
618 744 817 805 abesse,
844 744 1013 796 nolui
1038 744 1227 810 ipsum
1252 752 1375 797 tam
1400 759 1583 809 prope
1609 743 1787 805 sedeS,
1814 746 1877 795 in
1901 742 2115 808 quibus
2134 745 2402 801 morariS‚

197 816 491 875 accedere,
518 818 664 879 quin
693 815 918 880 aliquid
944 831 981 868 a
1005 831 1102 868 me
1131 816 1234 868 tibi
1262 815 1567 867 literarum
1597 815 1847 867 adferret
1875 829 2130 879 meoque
2160 816 2404 866 nomine

198 886 452 939 officiose
467 886 713 939 salutem
727 887 957 939 diceret.
980 887 1135 939 Dedi
1148 890 1348 952 itaque
1362 887 1500 939 huic
1515 889 1578 938 in
1591 887 1902 946 mandatis,
1918 892 1981 938 ut
1994 893 2049 937 te
2065 885 2404 951 Segebergae

199 960 540 1010 conveniret
559 957 781 1022 hasque
801 958 999 1011 literas
1020 974 1156 1010 cum
1176 957 1465 1011 adiundtis
1484 958 1588 1010 tibi
1604 958 1833 1010 tradere
1848 973 1972 1009 non
1987 959 2404 1009 intermitteret.

199 1030 472 1082 Invenies
497 1031 561 1081 in
585 1029 679 1081 his
703 1029 1048 1082 illustrissimi
1068 1030 1318 1082 Domini
1337 1030 1688 1095 Landgravij
1720 1035 1775 1081 et
1800 1028 1975 1093 ipfius
1996 1028 2407 1080 Mathematici

109 1122 151 1157 ιο
200 1101 618 1154 ROTHMAN
623 1101 710 1152 NI
730 1101 1166 1166 responfionem
1183 1102 1259 1154 ad
1274 1104 1500 1166 priores
1519 1116 1701 1161 meaS,
1723 1116 1979 1165 quarum
1997 1099 2082 1163 (ni
2096 1098 2291 1163 fallor)
2305 1099 2408 1151 tibi

201 1172 504 1237 exemplar
528 1174 691 1237 prius
717 1173 859 1225 mifi.
886 1174 1153 1225 Adiunxi
1177 1175 1355 1225 etiam
1379 1188 1467 1233 ea,
1495 1188 1630 1237 quae
1653 1172 1845 1224 eidem
1865 1171 2226 1223 illustrissimo
2247 1170 2406 1222 Prin-

201 1247 316 1309 cipi
344 1250 399 1296 et
428 1241 580 1296 dicto
610 1243 786 1308 ipfius
816 1244 1245 1297 Mathematico
1274 1244 1470 1309 postea
1495 1243 1567 1295 de
1596 1244 1771 1295 rebus
1797 1243 2218 1295 Astronomicis
2246 1242 2408 1293 lucu-

200 1316 388 1368 lenter
413 1314 682 1380 rescripfi,
711 1322 767 1368 et
791 1316 865 1368 ab
892 1315 1015 1380 ipso
1035 1316 1303 1380 Principe
1330 1316 1528 1368 denuo
1551 1315 1842 1366 remissum
1868 1313 2221 1378 responsum,
2250 1312 2409 1377 quod

201 1387 382 1439 modo
409 1390 624 1451 accepi,
652 1389 776 1439 una
802 1387 1016 1439 addidi.
1048 1388 1259 1439 Literae
1286 1386 1715 1447 Mathematici,
1744 1401 1879 1451 quae
1906 1383 2198 1437 adiundtae
2227 1390 2409 1443 erant,

112 1479 154 1514 15
203 1474 327 1510 non
352 1465 475 1511 tam
501 1461 614 1510 cito
645 1459 719 1511 ob
746 1458 1143 1523 prolixitatem
1170 1464 1226 1510 et
1251 1461 1486 1523 copiam
1511 1457 1811 1510 transcribi
1836 1463 2123 1522 poterant,
2153 1471 2224 1508 eo
2252 1455 2412 1520 quod

203 1533 458 1582 nuncius
477 1545 648 1582 meus
668 1530 743 1582 ob
761 1533 920 1582 venti
941 1533 1402 1595 oportunitatem
1422 1530 1649 1582 abitum
1668 1528 1974 1580 festinaret.
1997 1528 2110 1581 Sed
2130 1527 2249 1579 alio
2269 1534 2411 1579 tem-

203 1617 364 1667 pore,
384 1601 426 1653 fi
445 1604 528 1653 ita
546 1601 650 1654 tibi
667 1601 970 1666 placuerit,
996 1617 1096 1654 eas
1115 1601 1287 1653 facile
1309 1601 1614 1653 obtinebis,
1643 1600 1863 1652 Addidi
1884 1603 2062 1652 etiam
2081 1598 2414 1651 festinanter

205 1674 500 1738 quaedam,
523 1688 659 1737 quae
680 1689 753 1725 ex
772 1680 1036 1738 tempore
1051 1673 1200 1725 mihi
1213 1675 1276 1724 in
1290 1679 1551 1725 mentem
1564 1678 1870 1732 venerunt,
1893 1672 1968 1723 ad
1987 1670 2158 1723 hasce
2176 1670 2414 1722 ultimas

205 1745 689 1810 Landgravianas
715 1745 914 1797 literas
939 1761 1044 1810 per
1069 1747 1268 1810 nuncij
1300 1751 1355 1796 et
1381 1747 1480 1809 otij
1506 1745 1965 1808 oportunitatem
1992 1742 2414 1807 respondenda,

110 1835 157 1870 20
207 1823 262 1868 et
287 1816 592 1868 literarum
617 1819 772 1868 notis
798 1824 986 1869 certos
1012 1815 1416 1882 paragraphos
1437 1815 1748 1881 defignavi,
1777 1815 1991 1879 quibus
2016 1813 2415 1878 responsiones

207 1887 423 1939 eisdem
442 1887 623 1939 literis
644 1888 939 1953 adaptatae
961 1888 1270 1953 quadrant.
1293 1888 1454 1939 Hinc
1469 1887 1611 1951 quid
1629 1887 1700 1938 de
1719 1885 2037 1938 affixarum
2051 1885 2414 1937 restitutioni-

205 1959 315 2012 bus
335 1961 613 2023 utrinque
634 1959 969 2020 sentiamuS,
989 1959 1161 2012 facile
1180 1962 1466 2024 percipies
1482 1966 1537 2010 et
1550 1974 1675 2010 non
1688 1958 1807 2010 fine
1821 1957 2122 2021 voluptate
2137 1971 2417 2021 magnam

208 2033 656 2096 congruentiam
676 2031 1127 2083 animadvertes.
1149 2031 1293 2082 Non
1314 2033 1472 2082 enim
1493 2045 1589 2082 me
1610 2030 1764 2090 latet,
1787 2038 2011 2093 quanto
2032 2027 2312 2080 desiderio
2330 2042 2416 2078 re-

208 2118 343 2154 rum
371 2101 917 2154 Astronomicarum
946 2102 1240 2162 afficiariS‚
1275 2109 1329 2154 et
1362 2117 1544 2166 quam
1575 2103 1800 2166 egregie
1831 2101 1903 2152 de
1932 2099 2025 2151 his
2056 2101 2299 2150 meritus
2330 2098 2416 2149 fis.

115 2193 161 2228 25
209 2173 409 2225 Tuum
438 2175 560 2233 erit,
590 2189 843 2235 mecum,
873 2174 915 2225 fi
941 2174 1083 2238 quid
1108 2173 1204 2225 vel
1233 2174 1306 2225 ab
1337 2170 1629 2225 anteditfto
1659 2172 1926 2236 Principe
1952 2170 2048 2222 vel
2077 2186 2150 2222 ex
2178 2172 2420 2234 propria

210 2244 578 2297 Bibliotheca
597 2252 700 2297 aut
719 2245 960 2298 aliunde
981 2245 1182 2305 habeS,
1210 2245 1370 2309 quod
1391 2244 1467 2296 ad
1485 2243 1972 2303 Astronomicam‚
2001 2257 2120 2306 qua
2142 2244 2419 2305 utrinque

211 2315 585 2377 delectamur,
606 2319 917 2369 materiam
937 2315 1340 2368 illustrandam
1360 2315 1512 2375 facit,
1530 2316 1765 2366 vicissim
1782 2316 2238 2366 communicare.
2253 2312 2418 2371 Vale,

212 2394 267 2440 et
286 2387 426 2439 huic
445 2391 668 2440 nuncio
687 2404 824 2440 meo
844 2391 907 2440 in
927 2391 1015 2454 ijs,
1037 2403 1173 2452 quae
1191 2387 1276 2438 illi
1294 2387 1661 2451 expedienda
1675 2388 1924 2445 iniunxi,
1945 2391 2049 2436 tuo
2065 2383 2302 2436 confilio
2317 2399 2419 2435 au-

210 2458 623 2524 thoritateque,
644 2459 747 2512 ubi
764 2475 915 2524 opus
931 2460 1120 2520 fuerit,
1142 2475 1218 2511 ne
1238 2459 1416 2511 deesse
1430 2458 1594 2510 velis,
1617 2458 1836 2510 Iterum
1849 2456 2092 2508 feliciter
2106 2471 2242 2508 cum
2255 2455 2420 2506 nobi-

117 2550 164 2586 30
212 2530 414 2583 lissima
435 2546 621 2582 uxore
643 2537 698 2583 et
716 2531 912 2584 sobole
933 2547 1059 2583 non
1079 2531 1366 2596 degenere
1386 2536 1626 2594 totaque
1647 2529 1826 2581 domo
1844 2528 1993 2580 vale.
2016 2527 2191 2579 Datae
2207 2527 2420 2579 Urani-

212 2602 382 2667 burgi
400 2602 473 2654 19.
497 2601 764 2655 OCtobris
785 2603 967 2655 Anno
988 2602 1133 2655 1587.

216 2778 291 2823 [Ex
312 2778 556 2824 apographo
577 2777 621 2814 in
642 2778 786 2816 codice
808 2777 1177 2824 Breitenburgensi
1198 2779 1228 2813 R
1253 2778 1319 2813 119
1338 2777 1423 2813 foll.
1444 2775 1650 2820 586-601]

905 2859 1303 2997 TYCHcg
1330 2857 1735 2997 IPRAHE

585 3036 595 3041 ‘
649 3030 705 3082 X
722 3030 902 3083 literis
918 3033 1033 3082 tuis
1049 3029 1198 3081 mihi
1211 3043 1335 3080 non
1349 3030 1430 3080 ita
1443 3027 1669 3079 dudum
1686 3026 2009 3091 perscriptis
2025 3025 2303 3085 intellexi,
2322 3039 2425 3075 no-

459 3166 461 3168 ,
496 3155 511 3170 ,
649 3102 907 3155 bilissime
929 3109 984 3153 et
1004 3100 1370 3153 eruditissime
1391 3099 1652 3151 Domine
1673 3097 2030 3150 HENRICE
2052 3095 2425 3155 RANZOVI,

504 3186 533 3243 ζ
545 3218 564 3222 ,
617 3206 619 3208 -
650 3181 706 3225 te
727 3173 1109 3226 Sciotericum
1134 3171 1281 3223 illud
1306 3170 1692 3230 horizontale,
1720 3168 1879 3234 quod
1905 3169 2007 3221 tibi
2033 3167 2278 3220 confieri
2299 3167 2427 3227 feci,

366 3248 367 3259 ¹
651 3246 775 3297 una
792 3259 927 3297 cum
944 3242 1231 3296 fasciculis
1247 3242 1552 3294 literarum
1569 3238 1857 3294 adiunctis
1874 3247 2050 3304 atque
2065 3254 2289 3305 organo
2307 3238 2426 3297 illo,

432 3309 438 3326 ‘
478 3324 491 3371 ’,
561 3352 563 3354 -
653 3332 774 3380 quo
792 3315 999 3368 nostrae
1017 3313 1367 3380 hypotheses
1381 3312 1821 3365 revolutionum
1837 3311 2155 3363 coelestium
2171 3325 2428 3362 commo-

492 3374 511 3390 *
588 3377 622 3410 ⁰
652 3387 784 3439 dius
817 3388 1202 3452 explicantur,
1236 3385 1522 3449 accepisse,
1556 3399 1745 3448 eaque
1778 3385 1982 3435 omnia
2012 3383 2115 3434 tibi
2146 3382 2429 3446 placuisse,

366 3469 413 3504 49
2106 3453 2429 3517 plurimum
