2644 4030
249 279 354 332 208
781 275 1220 329 EPISTOLAE
1245 274 1914 328 ASTRONOMICAE

249 420 513 479 caussam,
541 418 700 482 quod
725 424 921 469 motus
946 419 1164 482 proprij
1190 416 1577 469 Cometarum
1602 419 1894 468 rationem
1916 416 2444 481 nullamhabeant‚

249 506 383 555 quae
403 487 664 554 neglecta
682 488 1020 540 Parallaxes
1041 488 1480 552 inexplicabiles
1500 487 1703 548 reddit,
1731 488 1836 539 nifi
1862 488 2187 540 admodum
2211 504 2445 554 magnae

247 562 452 621 forent,
475 568 530 611 et
548 566 744 611 motus
763 560 880 623 ipse
900 560 1267 619 tardissimus;
1289 566 1348 610 at
1366 559 1716 623 plerumque
1732 558 2117 611 Cometarum
2137 559 2334 612 cursus
2353 576 2445 626 ge-

247 635 467 683 nuinus
488 631 638 683 adeo
659 631 811 682 celer
832 630 921 690 est,
950 637 1014 681 ut
1034 630 1387 690 ParallaxeS‚
1416 645 1552 694 quae
1578 645 1682 694 per
1708 630 1978 682 accidens
2004 637 2271 682 tenorem
2297 632 2444 684 indi-

247 710 373 754 tum
399 701 835 766 aliquantulum
861 703 1108 761 variant,
1139 699 1397 764 respectu
1424 703 1551 752 eius
1576 703 1910 766 perexiguae
1935 701 2057 753 fint.
2087 702 2167 753 At
2191 702 2324 754 licet
2347 701 2446 755 hic
2494 720 2516 754 ⁵

246 776 437 825 maior
463 772 774 824 difficultas
802 779 855 824 et
881 771 1181 836 pulchrior
1208 778 1384 836 atque
1410 775 1596 836 magis
1622 773 1932 824 necessaria
1957 772 2338 825 consideratio
2362 773 2445 825 la-

245 851 377 904 teat,
406 859 586 908 quam
613 842 898 896 hactenus
919 859 955 895 a
974 843 1259 907 plurimiS,
1287 845 1389 907 qui
1414 858 1541 894 rem
1567 858 1679 894 acu
1703 843 1759 895 se
1785 844 2013 908 tetigisse
2039 843 2245 895 frustra
2265 844 2445 896 existi-

245 917 498 976 marunt,
527 915 782 978 expofita
809 914 883 966 est
911 915 1053 978 (qua
1073 915 1144 966 de
1165 930 1245 974 re,
1266 914 1307 965 fi
1326 912 1477 966 recte
1497 916 1759 974 memini,
1785 921 1841 966 te
1863 917 1927 966 in
1947 914 2295 979 quibusdam
2315 915 2446 980 alijs

245 987 425 1038 literis
460 986 784 1050 aliquando
822 984 1131 1048 admonui)
1169 985 1343 1050 longe
1381 991 1582 1037 tamen
1619 988 1804 1050 magis
1843 986 2113 1047 arduum,
2153 986 2446 1039 excellens

245 1058 504 1121 utileque
533 1064 587 1108 et
612 1057 927 1121 pulchrum
954 1057 1029 1108 est
1050 1057 1437 1109 Cometarum
1466 1064 1849 1121 apparentem
1877 1063 2106 1108 motum
2134 1059 2198 1109 in
2226 1064 2446 1109 certam
2499 1074 2541 1109 ιο

245 1143 519 1180 normam
538 1128 713 1180 instar
733 1128 863 1179 astri
883 1128 1134 1180 alicuius
1154 1130 1421 1192 perpetui
1440 1128 1716 1192 redigere,
1744 1134 1809 1179 ut
1831 1127 2242 1180 demonstratio
2264 1135 2319 1180 et
2337 1144 2445 1180 nu-

245 1202 393 1251 meri
412 1215 516 1264 per
535 1205 724 1251 totum
745 1215 953 1251 eorum
974 1198 1332 1250 curriculum
1347 1198 1848 1251 observationibus
1863 1199 2369 1263 correspondeant,
2391 1205 2447 1251 et

244 1278 441 1323 motus
467 1271 781 1331 circulariS,
808 1270 904 1322 vel
930 1286 1113 1335 quam
1137 1272 1455 1322 minimum
1475 1270 1549 1322 ab
1570 1269 1684 1322 hoc
1704 1269 2016 1323 deflectens
2035 1270 2149 1322 illis
2170 1271 2444 1323 attribua-

245 1348 354 1394 tur.
383 1343 519 1394 Hoc
540 1358 705 1406 opus,
732 1342 829 1393 hic
854 1342 1022 1393 labor
1046 1341 1136 1402 est,
1163 1344 1338 1406 pauci
1358 1341 1471 1401 hic,
1500 1357 1649 1406 quos
1670 1341 1884 1393 ardens
1905 1341 2144 1393 deduxit
2162 1341 2239 1394 ad
2258 1342 2446 1394 ardua
2494 1347 2523 1391 t·

244 1416 444 1465 virtuS.
460 1413 553 1465 Sic
568 1413 727 1478 quod
742 1413 941 1465 Solem
956 1408 976 1481 ΙΙ
991 1429 1114 1464 non
1128 1414 1347 1477 ubique
1362 1412 1669 1477 respiciant
1683 1415 1924 1474 crinitae,
1940 1412 2446 1477 quemadmodum
2481 1423 2564 1467 10v

245 1485 503 1536 Planetae
529 1485 755 1537 mundo
782 1488 985 1545 coaevi,
1013 1483 1163 1535 nihil
1188 1485 1395 1548 probat
1416 1499 1625 1535 eorum
1643 1491 1839 1536 motus
1859 1484 2114 1549 regulari
2132 1499 2257 1536 non
2278 1485 2444 1549 posse,

245 1571 387 1607 nam
418 1562 472 1608 et
501 1556 663 1608 aliud
693 1571 874 1620 quam
901 1559 1054 1607 circa
1079 1555 1278 1607 Solem
1308 1562 1574 1607 centrum
1603 1555 1822 1607 habere
1852 1562 2092 1619 queunt,
2124 1563 2325 1620 utpote
2350 1555 2447 1607 vel

245 1627 490 1679 Terram
516 1627 822 1679 observare
848 1634 950 1679 aut
977 1627 1227 1691 quodvis
1254 1627 1415 1679 aliud
1440 1628 1504 1678 in
1529 1626 1782 1678 universi
1802 1629 2120 1691 capacitate
2143 1623 2444 1692 punc'tum,

246 1701 413 1750 cuius
439 1696 697 1762 respectu
723 1698 920 1750 cursus
947 1713 1156 1750 eorum
1182 1699 1516 1750 ordinarius
1541 1697 1659 1749 fiat.
1686 1699 1914 1750 Accidit
1932 1697 2322 1749 nihilominus
2341 1697 2445 1750 ali-

246 1770 503 1834 quand0‚
537 1776 600 1821 ut
631 1770 830 1822 Solem
862 1785 1100 1834 quoque
1132 1769 1306 1821 instar
1337 1775 1757 1833 perpetuorum
1789 1784 2070 1821 erronum
2099 1771 2281 1821 centri
2311 1768 2445 1821 loco
2494 1786 2540 1822 20

244 1840 475 1900 habeat,
498 1841 1002 1905 quemadmodum
1022 1844 1084 1892 in
1105 1856 1176 1892 eo
1196 1840 1318 1905 ipso
1335 1840 1601 1900 Cometa,
1623 1841 1694 1892 de
1716 1855 1835 1905 quo
1855 1855 2015 1892 nunc
2035 1843 2281 1906 agimuS,
2302 1839 2444 1892 affa-

244 1915 349 1963 tim
369 1927 406 1963 a
424 1927 520 1963 me
542 1912 998 1964 demonstratum
1019 1912 1109 1971 est,
1130 1914 1179 1963 is
1202 1914 1361 1963 enim
1382 1914 1534 1963 circa
1554 1911 1754 1963 Solem
1773 1911 1947 1963 instar
1971 1916 2008 1970 Q
2033 1918 2088 1963 et
2109 1913 2142 1973 ἕ
2161 1911 2443 1963 obambu-

244 1983 374 2034 lans
394 1998 589 2047 neque
611 1986 788 2034 etiam
807 1990 930 2035 tam
948 1998 1234 2047 magnum
1253 1982 1568 2047 defignavit
1589 1983 1892 2044 ambitum,
1913 1989 1978 2034 ut
1996 1982 2242 2035 Terram
2260 1989 2315 2035 et
2331 1982 2444 2034 Lu-

244 2070 386 2105 nam
414 2054 583 2105 fimul
611 2055 949 2115 includeret,
980 2061 1036 2126 et
1064 2054 1428 2119 digressiones
1458 2053 1912 2118 accessionesque
1942 2054 2018 2106 ad
2044 2053 2243 2106 Solem
2271 2053 2445 2105 instar

245 2126 570 2177 eorundem
585 2125 961 2178 Planetarum
978 2125 1165 2177 oculis
1186 2125 1465 2177 exhibuit.
1487 2125 1645 2177 Cum
1666 2127 1825 2177 enim
1846 2127 1999 2177 circa
2017 2127 2305 2190 principia
2323 2124 2444 2177 suae
2493 2143 2539 2178 2⁵

244 2199 628 2261 apparitionis
654 2200 753 2248 vix
781 2199 1006 2262 integro
1035 2197 1194 2261 figno
1220 2212 1257 2248 a
1282 2196 1418 2249 Sole
1448 2197 1675 2249 distaret
1703 2211 1886 2262 prope
1914 2199 2169 2261 primam
2196 2196 2446 2248 triadem

245 2268 617 2329 Novembris,
636 2268 846 2320 deinde
862 2269 938 2320 ad
951 2271 1120 2320 initia
1134 2268 1478 2320 Decembris
1493 2269 1567 2320 ab·
1583 2283 1654 2320 eo
1668 2271 1995 2320 maximam
2009 2267 2446 2333 elongationem

244 2340 537 2400 assecutuS,
560 2339 790 2392 duobus
811 2340 973 2404 quafi
993 2339 1501 2404 DodecatemorijS
1521 2340 1950 2401 removebatur,
1974 2339 2287 2404 posteaque
2308 2354 2444 2391 con-

245 2413 421 2463 cinna
448 2410 573 2476 lege
603 2410 741 2462 huic
766 2411 1063 2463 successive
1090 2412 1288 2463 denuo
1315 2413 1764 2475 approximavit,
1794 2413 1877 2463 ita
1901 2417 1965 2462 ut
1991 2413 2144 2463 circa
2169 2410 2446 2462 ultimum

243 2482 362 2533 suae
389 2482 809 2534 evanescentiae
839 2482 1085 2534 limitem
1111 2482 1307 2534 rursus
1331 2497 1456 2534 non
1481 2482 1669 2534 multo
1697 2482 1831 2547 plus
1857 2485 2034 2534 unico
2060 2481 2219 2547 figno
2245 2497 2283 2534 a
2307 2480 2444 2534 Sole
2492 2499 2540 2535 30

244 2553 569 2614 abscesserit,
592 2569 773 2618 quam
793 2553 1104 2618 pulchram
1123 2557 1186 2605 in
1205 2560 1372 2605 motu
1393 2556 1519 2605 eius
1539 2551 1798 2618 respectu
1818 2553 1970 2606 Solis
1989 2553 2370 2605 harmoniam
2390 2558 2445 2604 et

245 2627 536 2690 egregiam
572 2625 996 2677 cohaerentiam
1029 2631 1085 2676 te
1122 2640 1195 2676 ex
1230 2624 1730 2677 observationibus
1766 2631 1821 2677 et
1855 2624 2444 2677 demonstrationibus

243 2698 391 2747 meis
416 2696 566 2748 libro
591 2697 694 2748 illo
720 2695 1022 2761 patefactis
1047 2712 1172 2748 non
1196 2696 1330 2748 satis
1355 2696 1690 2761 perspexisse
1715 2698 1914 2757 miror,
1942 2711 2085 2749 nam
2111 2702 2166 2747 et
2194 2695 2445 2748 Cometa

244 2766 341 2818 ille
366 2768 545 2831 plane
572 2771 932 2820 contrarium
958 2774 1078 2819 tuae
1103 2767 1401 2819 sententiae
1427 2767 1540 2819 hac
1566 2769 1629 2819 in
1654 2774 1818 2832 parte
1846 2766 2193 2819 ostendebat.
2222 2766 2444 2819 Omnia

246 2853 380 2902 quae
400 2841 463 2890 in
484 2839 635 2891 coelo
657 2855 694 2891 a
712 2840 921 2891 mundi
940 2839 1275 2904 primordijs
1297 2839 1542 2890 existunt
1562 2854 1826 2904 corpora,
1852 2847 2082 2890 motum
2108 2837 2442 2902 regularissi-
2492 2855 2538 2891 35

244 2925 411 2960 mum
441 2917 495 2961 et
522 2919 874 2975 perpetuum
902 2910 1233 2970 sortiuntur,
1268 2925 1404 2974 quae
1432 2925 1575 2962 vero
1604 2910 1847 2962 ascititia
1872 2909 2019 2970 sunt,
2051 2909 2092 2960 fi
2124 2923 2262 2960 eum
2291 2908 2442 2960 adeo

245 2980 503 3032 absolute
524 2983 736 3046 assequi
756 2989 1076 3046 nequeunt,
1103 2988 1364 3034 attamen
1384 2996 1567 3045 quam
1590 2984 1858 3045 proxime
1881 2980 2257 3041 aemulantur,
2283 2986 2348 3031 ut
2367 2979 2442 3031 ob

244 3051 303 3102 id
323 3052 575 3115 regulari
598 3054 938 3105 omnimode
959 3068 1082 3104 non
1098 3053 1530 3118 subterfugiant.
1553 3052 1828 3104 Existimo
1843 3059 2040 3104 autem
2058 3052 2443 3104 Cometarum

246 3137 508 3185 corpora,
540 3139 675 3187 quae
703 3140 911 3176 revera
939 3126 1143 3176 omnia
1170 3124 1293 3188 ipso
1323 3123 1476 3176 coelo
1505 3130 1904 3188 procreantur,
1933 3139 2058 3174 non
2087 3123 2190 3174 esse
2220 3137 2293 3174 ex
2320 3128 2443 3174 tam

244 3192 421 3244 solide
449 3201 719 3246 concreta
744 3202 921 3259 atque
948 3195 1203 3247 exaltata
1225 3195 1586 3259 stabilitaque
1605 3197 1853 3247 materia
1873 3194 2256 3254 conformata,
2281 3192 2443 3245 velut
2489 3210 2537 3246 40

244 3267 595 3327 perennium
619 3266 859 3317 illorum
884 3266 1151 3318 siderum.
1178 3266 1437 3331 Ideoque
1461 3281 1587 3318 non
1611 3266 1811 3318 saltem
1833 3265 2324 3318 consummationi
2343 3263 2442 3315 ob-

244 3337 442 3395 noxia,
471 3335 567 3387 sed
593 3339 771 3388 etiam
795 3338 1161 3401 periodicum
1185 3344 1416 3390 motum
1442 3332 1462 3405 ΙΙ
1489 3353 1613 3389 non
1639 3339 2002 3398 continuant,
2031 3351 2139 3388 nec
2168 3336 2440 3396 eundem,
2477 3344 2555 3387 11r

2263 3421 2441 3470 quem
