2664 4030
241 309 333 360 108
619 342 621 345 -
774 304 1212 358 EPISTOLAE
1237 302 1907 356 ASTRONOMICAE

240 463 491 501 numero
511 449 702 499 maior
721 446 784 498 fit
802 462 873 499 ea
890 446 1228 505 diversitate,
1251 460 1386 509 quae
1406 459 1510 509 per
1528 444 1880 508 parallaxes,
1901 444 1941 497 fi
1962 460 2143 509 quam
2163 445 2437 508 habeant,

242 519 579 578 insinuatur,
594 517 950 578 nullatenus,
965 532 1089 568 non
1101 516 1460 568 confiderato
1471 521 1639 567 motu
1649 514 1762 567 hoc
1773 518 2029 580 proprio,
2043 516 2439 581 parallaxium

242 590 585 642 differentiae
611 604 715 653 per
741 588 933 640 ullum
959 603 1167 639 eorum
1193 586 1642 651 problematum,
1673 602 1808 651 quae
1836 587 2094 647 adducis,
2125 587 2439 652 (quantum

240 659 522 713 hactenus
551 659 837 724 perspexi)
863 658 1320 711 manifestantur.
1351 657 1503 709 Haec
1528 672 1670 709 vero
1698 673 1769 710 ea
1795 658 1867 710 de
1894 658 2067 710 causa
2092 661 2440 723 neutiquam

240 732 451 791 indice,
480 730 638 795 quod
664 736 882 795 putem,
909 729 1154 793 teipsum
1177 728 1279 780 ista
1298 744 1422 780 non
1443 728 1828 790 confiderasse,
1854 728 1951 781 sed
1970 735 2035 781 ut
2055 744 2298 794 operam
2318 730 2437 791 des,
2488 747 2510 781 ⁵

242 818 360 867 quo
376 817 447 853 ea
459 802 808 866 potissimum
821 800 1168 852 discentibus
1181 806 1606 864 proponantur,
1622 815 1757 864 quae
1771 802 1834 851 in
1847 799 1969 864 ipsa
1981 841 1992 852 .
2009 840 2020 852 .
2035 840 2046 852 .
2063 841 2074 852 .
2088 816 2269 865 quam
2284 816 2439 853 com-

240 873 556 925 modissime
578 874 720 923 citra
741 886 918 923 omne
939 870 1300 923 obstaculum
1320 870 1707 922 administrari
1734 877 1969 935 queant.
1998 871 2178 923 Porro
2205 887 2342 923 cum
2367 887 2441 924 ex

240 945 419 995 literis
438 945 553 995 tuis
573 942 912 1007 intelligam,
934 942 1211 994 Diarium
1230 941 1376 993 illud
1396 941 1576 993 huius
1589 942 1805 994 Annia
1819 941 2086 995 Studioso
2103 958 2240 994 meo
2258 942 2439 994 ELIA

242 1016 463 1067 editum
483 1014 558 1066 ad
578 1020 710 1066 tuas
730 1029 944 1065 manus
963 1014 1294 1078 pervenisse,
1317 1019 1371 1064 et
1391 1015 1542 1064 inter
1561 1012 1681 1064 alia
1700 1028 1824 1064 non
1844 1012 2194 1077 displicuisse,
2222 1029 2358 1078 quae
2377 1015 2441 1066 in

242 1102 312 1138 eo
334 1086 404 1137 de
426 1085 676 1138 Cometa
695 1087 962 1149 proxime
982 1084 1103 1136 viso
1123 1084 1470 1143 referuntur,
1497 1086 1664 1136 mitto
1683 1083 1788 1136 tibi
1806 1084 1987 1149 paulo
2009 1083 2364 1137 exadtiorem
2384 1091 2440 1137 et
2493 1100 2536 1136 ιο

241 1156 622 1222 copiosiorem
655 1155 913 1208 eiusdem
946 1156 1213 1208 Cometae
1245 1154 1706 1219 descriptionem,
1743 1154 1982 1220 qualem
2014 1171 2150 1207 cum
2181 1155 2438 1208 Illustriss.
2489 1159 2518 1204 ‘1-

240 1229 506 1292 Principe
521 1227 786 1279 Domino
803 1226 1255 1279 GUILIELMO
1271 1226 1666 1291 Landtgravio
1680 1226 1896 1278 Hassiae
1911 1241 2101 1291 nuper
2115 1229 2441 1279 communi-

242 1302 386 1360 cavi,
413 1298 594 1350 veluti
614 1298 790 1363 ipsius
811 1298 1000 1351 Celfit.
1021 1314 1125 1363 per
1144 1298 1341 1350 literas
1362 1298 1438 1350 ad
1458 1297 1575 1349 Dn.
1598 1297 2039 1350 HENRICUM
2060 1297 2441 1351 RANZOVI-

242 1370 389 1431 UM,
410 1370 713 1422 Vicarium
739 1370 984 1435 Regium
1010 1372 1073 1421 in
1100 1369 1370 1421 Holsatia
1395 1368 1613 1421 horum
1637 1368 1959 1421 studiorum
1985 1370 2262 1421 amantiss.
2287 1385 2324 1422 a
2345 1384 2442 1421 me

241 1441 368 1493 fieri
401 1444 733 1506 expetierat.
767 1440 881 1493 Sed
909 1447 973 1492 ut
1003 1456 1073 1492 eo
1103 1439 1313 1493 rectius
1343 1439 1708 1492 occafionem
1739 1455 1981 1492 omnem
2012 1439 2191 1492 huius
2222 1443 2435 1506 negotij
2493 1456 2536 1491 15

241 1511 545 1577 intelligaS,
579 1512 825 1564 adiunxi
857 1511 1158 1576 exemplar
1190 1511 1459 1576 Epistolae
1493 1511 1750 1563 eiusdem
1782 1510 2130 1563 Illustrissimi
2159 1511 2442 1576 Principis

243 1583 592 1648 Landgravij
622 1583 698 1635 ad
723 1581 1067 1647 praedic'tum
1093 1582 1602 1643 RANZOVIUM,
1629 1582 1777 1634 mihi
1803 1582 1877 1634 ab
1903 1581 2018 1634 hoc
2043 1582 2441 1643 transmissum,

242 1661 369 1707 tum
396 1656 572 1706 etiam
598 1654 900 1718 exemplar
924 1669 1195 1706 mearum
1221 1654 1296 1706 ad
1322 1653 1496 1718 ipfius
1517 1653 1774 1705 Illustriss.
1798 1653 2218 1706 Celfitudinem
2237 1654 2309 1706 de
2328 1653 2443 1706 hoc

242 1728 476 1790 negotio
498 1731 553 1776 et
572 1725 703 1790 alijs
722 1725 1141 1777 Astronomicis
1160 1725 1350 1786 rebuS,
1371 1723 1474 1776 tibi
1493 1723 1646 1777 ledlu
1665 1740 1789 1776 non
1808 1727 2048 1790 ingratis
2067 1724 2294 1786 futuriS,
2314 1740 2442 1789 per-

242 1797 583 1860 scriptarum
601 1796 905 1848 literarum
919 1798 1043 1848 una
1056 1811 1192 1848 cum
1205 1796 1380 1860 ipfius
1396 1795 1667 1848 Celfitud.
1683 1796 1758 1848 ad
1771 1811 1867 1848 me
1883 1796 2019 1848 dato
2033 1796 2321 1861 responso,
2343 1796 2441 1848 ad·
2492 1811 2539 1847 20

243 1865 453 1919 iunctis
467 1866 701 1931 insuper
714 1867 894 1919 literis
910 1866 1503 1920 CHRISTOPHORI
1517 1866 2041 1928 ROTHMANNI,
2062 1866 2237 1932 ipfius
2253 1867 2441 1920 Celfit.

243 1938 668 1998 Mathematici,
685 1945 739 1990 et
749 1938 956 2003 scripto
969 1938 1227 1990 eiusdem
1238 1938 1310 1990 de
1323 1938 1532 1990 eodem
1545 1937 1812 1999 Cometa,
1829 1938 1989 2002 quod
2002 1938 2105 1991 tibi
2118 1953 2189 1990 eo
2200 1941 2443 1990 nomine

244 2012 475 2061 exarari
501 2011 718 2061 curavi.
750 2009 1037 2074 Percipies
1064 2025 1137 2062 ex
1162 2009 1256 2061 his
1283 2009 1559 2061 omnibus
1587 2009 1977 2074 proculdubio
2005 2009 2277 2074 plurima,
2308 2025 2444 2074 quae

242 2083 356 2133 tuis
383 2080 675 2146 defiderijs
705 2080 1059 2133 arridebunt.
1091 2080 1613 2132 Instrumentorum
1641 2080 1891 2145 speciem
1919 2095 2192 2133 meorum
2219 2087 2273 2133 et
2300 2096 2443 2146 quo-

243 2152 513 2212 rundam,
547 2167 682 2216 quae
712 2152 788 2203 ad
817 2151 1249 2204 observationes
1279 2149 1555 2212 exactiuS,
1589 2167 1771 2216 quam
1802 2149 2087 2204 hactenus
2119 2150 2444 2205 factitatum
2491 2168 2538 2203 25

245 2223 334 2283 est,
369 2222 592 2275 caelitus
621 2223 1088 2288 pervestigandas
1118 2226 1380 2284 attinent,
1412 2238 1485 2275 ex
1513 2225 1661 2275 meis
1690 2223 1766 2275 ad
1794 2225 2120 2288 principem
2149 2223 2443 2289 Landgra-

242 2297 407 2346 vium
433 2294 612 2345 literis
639 2310 762 2346 non
787 2294 906 2346 fine
931 2294 1232 2359 voluptate
1259 2294 1583 2360 cognosces
1612 2294 1976 2347 Consensum
2001 2310 2143 2347 vero
2169 2297 2319 2347 inter
2345 2295 2443 2347 ob—

243 2365 597 2417 servationes
612 2365 880 2418 Cometae
895 2366 1377 2431 Landgravianas
1398 2372 1452 2418 et
1472 2365 1694 2418 nostras
1716 2381 1788 2418 ex
1807 2365 1988 2418 literis
2007 2365 2182 2430 ipfius
2197 2366 2445 2418 Domini

245 2437 593 2501 Landgravij
619 2443 673 2488 et
694 2436 1103 2489 Mathematici
1122 2437 1328 2501 scripto
1348 2453 1473 2489 non
1496 2439 1638 2489 citra
1661 2437 2115 2490 admirationem
2141 2437 2442 2502 intelliges,

244 2508 471 2572 Peperit
500 2514 699 2559 autem
727 2508 882 2560 hanc
909 2511 1385 2560 convenientiam
1410 2507 1933 2560 Instrumentorum
1962 2508 2037 2560 ad
2067 2508 2443 2573 quorundam
2492 2523 2539 2559 30

246 2594 317 2630 ex
337 2581 483 2630 meis
503 2578 939 2631 similitudinem
959 2595 996 2632 a
1015 2579 1387 2645 Landgravio
1411 2579 1663 2631 instituta
1685 2579 2042 2641 restauratiO,
2068 2586 2243 2644 prout
2261 2578 2444 2631 WIT-

243 2649 571 2703 TICHIUS
592 2645 613 2718 ΙΙ
633 2650 717 2702 illi
737 2650 1008 2711 formam,
1035 2650 1380 2703 divisionem
1401 2657 1455 2702 et
1473 2651 1814 2715 pinnacidia
1833 2650 1930 2702 hic
1950 2650 2109 2716 apud
2127 2666 2223 2703 me
2245 2650 2442 2715 explo-
2473 2658 2557 2701 27r

245 2727 372 2773 rata
391 2737 514 2773 non
534 2722 717 2783 aliter,
740 2737 808 2774 ac
822 2721 863 2774 fi
876 2722 1116 2787 ipsemet
1130 2737 1339 2774 eorum
1352 2724 1625 2774 inventor
1640 2723 1781 2783 esset,
1802 2725 1921 2774 mei
1936 2722 2105 2774 nulla
2117 2720 2269 2775 facta
2280 2737 2444 2774 men·

244 2794 405 2844 tione
425 2792 771 2857 propalavit,
794 2809 913 2858 quo
933 2796 1177 2846 nomine
1199 2796 1377 2846 etiam
1396 2808 1581 2846 aurea
1600 2799 1808 2846 catena
1828 2793 1901 2846 ab
1922 2793 2043 2858 ipso
2060 2793 2326 2857 Principe
2343 2792 2443 2845 do-

245 2870 419 2915 natus
440 2864 530 2916 est.
551 2864 778 2916 Accidit
797 2871 997 2916 tamen
1016 2864 1118 2926 illi,
1140 2865 1300 2930 quod
1318 2864 1647 2929 plerunque
1668 2864 1863 2916 dolose
1884 2864 2189 2929 agentibus
2206 2866 2442 2916 evenire
2492 2880 2539 2915 35

247 2934 404 2994 solet,
420 2941 483 2986 ut
496 2936 973 2999 pinnacidiorum
985 2936 1460 3001 quadruplicium
1471 2935 1734 3000 undique
1745 2935 2168 3000 parallelorum
2180 2933 2444 2988 exafiam

247 3007 538 3056 rationem
557 3021 680 3057 non
701 3006 1059 3067 indicaverit,
1086 3007 1201 3060 five
1223 3007 1382 3072 quod
1401 3006 1504 3072 ipfi
1524 3006 1815 3067 exciderit,
1840 3006 1954 3059 five
1975 3007 2135 3071 quod
2154 3008 2443 3070 pauciori-

246 3075 356 3127 bus
377 3091 502 3127 rem
522 3076 819 3129 absolvere
839 3078 1239 3142 praesumserit,
1266 3078 1425 3130 unde
1445 3077 1795 3143 Landgravij
1820 3076 2217 3130 observatores
2236 3080 2299 3129 in
2318 3077 2444 3130 diu-

247 3149 404 3198 turni
429 3150 707 3211 temporis
734 3155 788 3200 et
813 3148 1030 3201 laboris
1056 3148 1343 3203 iacturam
1367 3148 1668 3214 implicuit,
1699 3148 1887 3201 donec
1915 3149 2037 3214 ipsa
2067 3151 2443 3213 experientia,

250 3233 384 3281 quae
411 3217 899 3279 desiderabantur,
929 3220 1151 3284 ipfimet
1180 3221 1723 3281 animadvertissent,
1750 3219 1911 3272 velut
1937 3236 2009 3272 ex
2035 3219 2444 3272 Mathematici
2493 3235 2539 3271 40

250 3288 406 3339 illius
439 3288 690 3352 Epistola
722 3290 1007 3354 copiosius
1044 3291 1346 3357 intelliges
1385 3292 1522 3357 Agit
1552 3291 1690 3343 sane
1726 3293 1925 3343 minus
1962 3291 2178 3343 sincere
2209 3306 2444 3343 mecum

248 3358 736 3412 WITTICHIUS
766 3360 967 3425 (quem
994 3377 1100 3427 ego
1127 3361 1224 3414 hic
1249 3368 1376 3414 tum
1402 3363 1477 3415 ob
1504 3369 1669 3414 tuam
1695 3363 2288 3422 commendationem,
2317 3368 2443 3484 tumb

2369 3447 2405 3483 o
