2644 4030
274 279 381 331 320
808 277 1245 331 EPISTOLAE
1271 277 1942 332 ASTRONOMICAE

274 420 419 471 liber
438 422 503 479 is,
526 419 597 470 de
618 434 737 483 quo
757 419 986 483 loquor,
1008 420 1079 471 de
1095 420 1274 471 Nova
1287 419 1466 472 Stella
1480 419 1707 472 affatim
1720 419 1991 483 tradtan&
2012 422 2087 474 ad
2107 428 2239 475 tuas
2258 439 2473 476 manus

273 492 554 555 pervenit,
587 490 913 554 amplissimi
943 491 1191 542 Domini
1221 490 1488 553 CURTIJ
1519 498 1574 543 et
1601 498 1782 552 tuam,
1814 494 2320 557 quemadmodum
2347 501 2473 547 tum

274 576 512 626 quoque
540 561 829 625 petebam,
860 561 931 612 de
963 564 1089 613 eius
1119 564 1406 614 contentis
1434 562 1781 615 sententiam
1808 563 2070 616 indicare
2096 580 2172 617 ne
2197 569 2473 630 graveriS,

272 639 399 684 tum
419 634 613 692 etiam,
641 632 782 695 quid
801 631 969 684 vobis
990 633 1061 684 de
1082 632 1600 685 instrumentorum
1621 634 2105 697 conformatione,
2132 639 2330 701 parvis
2349 653 2473 689 mo-

274 702 425 755 dulis
454 702 882 767 repraesentata,
911 704 1197 756 videatur.
1228 704 1336 756 Fui
1363 711 1418 756 et
1444 720 1551 770 ego
1578 707 1700 757 tota
1724 705 1837 757 hac
1863 706 2054 758 aestate
2080 707 2349 771 plurimis
2370 708 2473 760 dis·
2524 726 2545 760 5

272 772 651 826 tractionibus
679 780 733 825 et
762 778 1163 826 avocamentis
1198 776 1529 839 impedituS,
1567 792 1686 840 quo
1721 779 1919 829 minus
1951 777 2269 842 susceptam
2297 779 2476 831 telam

272 846 546 897 laborum
565 861 838 897 meorum
857 852 1159 910 pertexere
1175 847 1557 899 commodum
1571 847 1761 899 fuerit.
1785 847 2246 914 Quamprimum
2266 865 2476 915 oppor-

272 919 505 968 tuniore
533 919 653 968 otio
680 932 905 978 eorum,
934 933 1069 981 quae
1096 917 1322 970 dudum
1347 918 1604 983 suscepta
1623 918 1769 980 sunt,
1798 919 2105 984 quidpiam
2123 924 2274 986 typis
2294 921 2476 974 absol-

272 1002 408 1039 vere
429 987 672 1048 licuerit,
693 1003 800 1039 vos
823 990 949 1040 eius
969 991 1280 1053 participes
1300 989 1543 1041 reddere
1563 1005 1689 1041 non
1708 992 2106 1043 intermittam.
2125 987 2146 1060 ΙΙ

344 1058 611 1124 Intelligo
646 1074 718 1110 ex
749 1059 960 1112 scheda
991 1059 1173 1111 literis
1205 1063 1320 1112 tuis
1351 1060 1575 1113 inclusa
1605 1060 1803 1113 senem
1835 1062 2004 1114 illum
2036 1062 2123 1115 M.
2150 1062 2476 1116 PETRUM
2508 1074 2595 1117 31v

261 1129 736 1199 JACHENAW
763 1133 1025 1192 nomine,
1065 1134 1167 1196 qui
1198 1131 1376 1184 semel
1407 1138 1584 1196 atque
1616 1135 1830 1184 iterum
1861 1149 2096 1185 mecum
2128 1134 2478 1199 aliquandiu
2527 1141 2555 1183 1·

272 1201 395 1262 fuit,
426 1202 691 1267 Pragam‚
723 1201 1013 1254 Caesareae
1044 1203 1335 1255 Maiestati
1362 1206 1425 1255 in
1451 1203 1712 1268 artificijS
1742 1204 2089 1268 quibusdam
2117 1205 2478 1258 mechanicis

272 1272 437 1325 suam
463 1288 708 1338 operam
734 1272 1021 1325 offerendi
1047 1276 1233 1339 gratia
1259 1275 1541 1326 accessisse.
1571 1275 1641 1326 Et
1661 1282 1812 1327 certe
1834 1282 2124 1340 quantum
2144 1277 2219 1329 ad
2240 1293 2478 1329 currum

273 1346 477 1396 attinet
512 1344 638 1408 (qui
669 1347 893 1397 itineris
926 1343 1173 1398 confecti
1204 1345 1388 1410 spatia
1418 1345 1551 1398 scite
1585 1355 1640 1398 et
1671 1347 1945 1407 iucunde,
1981 1347 2155 1400 instar
2186 1347 2475 1414 horologij

273 1415 591 1477 cuiusdam,
614 1416 869 1477 denotat,
892 1417 1101 1469 eadem
1118 1417 1310 1469 sonitu
1325 1418 1837 1482 campanularum,
1858 1426 2032 1483 prout
2051 1418 2302 1480 libuerit,
2323 1422 2478 1472 auri·
2533 1437 2574 1472 15

272 1487 382 1539 bus
408 1486 638 1552 ingerit)
667 1486 1094 1540 confectionem
1121 1491 1248 1540 eius
1274 1488 1665 1550 artificiosam,
1693 1505 1829 1554 quae
1855 1496 1909 1541 et
1932 1490 2062 1542 usui
2084 1491 2398 1543 commoda
2416 1490 2481 1543 fit

274 1564 329 1610 et
364 1558 630 1610 constans
665 1565 1027 1623 permaneat,
1065 1562 1291 1625 egregie
1328 1560 1514 1620 callet,
1551 1560 1771 1625 diuque
1807 1563 1871 1612 in
1905 1561 2007 1613 ista
2037 1561 2479 1614 machinatione

272 1632 435 1681 varie
457 1629 827 1682 efformanda
845 1631 1105 1682 versatus
1126 1631 1217 1683 est.
1242 1631 1404 1683 Nam
1425 1638 1479 1683 et
1499 1631 1725 1696 aliquot
1748 1632 2093 1685 Germaniae
2114 1633 2480 1699 Principibus

274 1700 627 1752 eiuscemodi
662 1716 867 1753 currus
903 1701 1166 1763 confecit,
1205 1709 1332 1754 tum
1371 1718 1608 1767 quoque
1645 1703 1961 1767 quendam,
2002 1704 2075 1756 ab
2113 1703 2480 1757 Illustrissimo

274 1772 443 1824 Duce
464 1772 928 1837 MegapolitanO,
957 1773 1322 1826 Serenissimo
1343 1774 1484 1838 Regi
1503 1773 1696 1825 nostro
1716 1774 2031 1827 laudabilis
2050 1778 2358 1828 memoriae
2378 1776 2478 1828 do·
2529 1792 2576 1828 20

273 1858 353 1895 no
373 1844 614 1895 missum.
638 1843 802 1907 Quin
823 1851 877 1896 et
896 1860 1032 1896 meo
1054 1848 1267 1906 currui,
1290 1861 1410 1909 quo
1430 1845 1672 1897 subinde
1694 1847 1757 1897 in
1777 1845 1889 1898 hac
1908 1846 2103 1898 Insula
2121 1862 2257 1899 cum
2274 1850 2479 1900 amicis

274 1914 698 1975 circumvehor,
724 1915 840 1967 tale
868 1915 1170 1980 quoddam
1189 1916 1597 1976 Automatum‚
1626 1931 1762 1968 cum
1782 1917 1991 1969 ultimo
2011 1917 2109 1970 hic
2130 1919 2272 1979 esset,
2300 1919 2479 1984 adap-

272 1988 437 2046 tavit;
468 1986 628 2050 quod
652 1992 779 2038 tum
804 1989 1029 2052 integra
1057 1987 1330 2047 miliaria,
1359 1994 1487 2039 tum
1513 1990 1691 2039 etiam
1718 1989 2045 2041 eorundem
2072 1989 2326 2042 diversas
2352 1990 2479 2042 sub-

274 2057 599 2117 divifioneS‚
627 2058 897 2122 adeoque
917 2061 981 2109 in
999 2061 1231 2111 minuta
1253 2059 1631 2124 sexagenaria
1656 2059 2117 2112 distributionem
2135 2067 2258 2113 tam
2277 2061 2479 2114 indici-

273 2128 382 2180 bus
404 2128 630 2193 aliquot
651 2129 909 2189 ostendit,
932 2145 1114 2194 quam
1133 2130 1303 2195 pulsu
1321 2130 1577 2182 sonitum
1598 2130 1853 2183 duarum
1869 2132 2361 2196 campanularum
2376 2132 2480 2184 dis·
2531 2150 2577 2185 25

274 2202 630 2252 criminatim
663 2200 893 2252 edendo
925 2201 1268 2254 manifestat.
1307 2202 1386 2254 Ut
1419 2201 1493 2253 ob
1526 2201 1586 2253 id
1616 2201 1863 2254 indubia
1894 2202 2010 2255 fide
2042 2203 2231 2255 testari
2265 2205 2480 2269 possim,

273 2271 504 2323 nullam
533 2271 634 2323 sub
664 2271 779 2324 hoc
808 2287 1002 2337 opere,
1037 2273 1197 2337 quod
1227 2273 1326 2325 ille
1358 2272 1680 2338 profitetur,
1714 2273 1923 2326 subesse
1957 2274 2354 2339 imposturam,
2387 2275 2483 2327 sed

273 2344 477 2394 omnia
496 2345 602 2394 rite
624 2351 678 2394 et
699 2343 1024 2396 constanter
1042 2360 1167 2396 non
1187 2344 1305 2396 fine
1326 2342 1653 2396 delectabili
1673 2350 1851 2409 atque
1871 2346 2001 2397 utili
2018 2344 2345 2411 spectaculo
2362 2346 2481 2398 suc-

275 2414 496 2466 cedere.
528 2414 589 2466 Si
617 2417 816 2479 itaque
842 2417 1039 2467 virum
1066 2415 1243 2477 hunc,
1275 2419 1378 2480 qui
1405 2430 1510 2480 per
1534 2415 1590 2466 se
1621 2415 1696 2467 est
1724 2418 1947 2482 integer
1973 2423 2028 2469 et
2053 2418 2317 2482 probatae
2345 2420 2482 2470 vitae

274 2491 450 2549 atque
479 2501 733 2546 morum,
763 2489 1199 2551 praenominato
1227 2487 1493 2539 Domino
1521 2486 1820 2540 CURTIO
1846 2491 1928 2540 ita
1954 2489 2478 2549 commendaveris,
2529 2505 2576 2541 30

274 2563 338 2607 ut
365 2559 491 2608 eius
517 2558 913 2609 intercessione
942 2559 1102 2623 apud
1123 2558 1461 2611 Caesaream
1483 2557 1851 2611 Maiestatem
1869 2559 1965 2612 vel
1984 2559 2133 2612 alios
2159 2560 2403 2612 illustres
2429 2566 2484 2612 et

275 2627 588 2691 opulentos
620 2629 932 2690 DominOS,
966 2629 1133 2681 suam
1165 2632 1228 2681 in
1260 2629 1529 2682 curribus
1560 2629 1898 2682 huiusmodi
1928 2631 2208 2696 parandis
2240 2646 2484 2696 operam

275 2699 504 2751 elocare
525 2701 699 2764 possit,
721 2707 898 2765 atque
914 2701 1137 2765 aliquid
1151 2701 1348 2753 lucelli
1362 2701 1501 2753 hinc
1521 2704 1843 2766 percipere,
1863 2702 2068 2754 feceris
2087 2702 2236 2755 mihi
2253 2718 2379 2754 rem
2397 2705 2483 2755 in-

273 2773 476 2834 primis
497 2778 814 2836 acceptam.
837 2772 1012 2824 Illum
1033 2775 1192 2824 enim
1214 2773 1287 2825 ob
1309 2770 1673 2838 persped'tam
1695 2775 1820 2825 eius
1835 2776 2222 2839 integritatem
2238 2781 2292 2826 et
2305 2773 2485 2826 fidem

275 2841 469 2909 dilig0,
486 2843 765 2907 quodque
779 2846 843 2894 in
857 2843 971 2895 hoc
985 2843 1145 2896 senio
1159 2859 1267 2909 pro
1282 2844 1695 2898 sustentatione
1709 2844 1794 2896 sui
1808 2844 1983 2909 ipfius
1998 2852 2053 2897 et
2065 2845 2308 2897 familiae
2322 2845 2483 2897 hinc·
2534 2861 2580 2897 35

273 2913 409 2964 inde
424 2916 782 2979 peregrinari
796 2916 1011 2967 necesse
1026 2914 1256 2976 habeat,
1279 2915 1381 2980 ipfi
1402 2914 1717 2968 condoleo.
1740 2916 1899 2968 Solet
1919 2918 1985 2977 is,
2006 2917 2180 2968 rebus
2193 2916 2308 2968 suis
2324 2916 2485 2968 domi

274 2986 337 3034 in
367 2985 690 3049 angustiam
719 2985 982 3047 redactiS,
1012 3002 1450 3052 nonnunquam
1479 2987 1599 3039 huc
1628 2987 1919 3039 Vismaria
1946 2987 2352 3049 transmarina,
2383 2988 2486 3040 ubi

275 3054 515 3115 habitat,
545 3057 620 3107 ad
639 3073 735 3108 me
757 3060 819 3108 in
840 3057 1103 3110 Daniam
1122 3060 1251 3123 traij
1259 3074 1405 3110 cere.
1434 3060 1506 3111 Et
1527 3061 1814 3123 quoniam
1833 3065 2018 3111 totam
2040 3058 2318 3125 hyemem
2337 3074 2484 3123 prae-

275 3128 508 3177 teritam
528 3126 624 3178 hic
645 3143 880 3180 mecum
902 3129 1265 3194 consumpsit,
1292 3129 1422 3182 fieri
1448 3130 1619 3182 facile
1645 3133 1850 3194 potuit,
1878 3136 1942 3182 ut
1964 3146 2060 3182 me
2081 3130 2392 3195 aliquoties
2413 3130 2485 3181 de

275 3202 331 3247 te
346 3198 525 3248 verba
538 3197 851 3251 facientem
868 3200 1063 3264 (prout
1077 3201 1293 3264 retulit)
1310 3201 1577 3253 audierit.
1594 3201 1684 3253 Est
1699 3204 1859 3253 enim
1873 3201 2021 3254 alias
2032 3201 2166 3253 satis
2176 3202 2483 3253 veridicus.
2534 3217 2581 3252 40

276 3266 369 3318 Tu
396 3270 521 3319 eius
549 3269 871 3331 conatibuS‚
901 3272 1060 3335 quod
1079 3278 1135 3323 te
1154 3272 1250 3324 vel
1270 3288 1406 3324 meo
1427 3275 1671 3324 nomine
1690 3271 1983 3325 facturum
2009 3288 2133 3324 non
2160 3272 2381 3332 diffido,
2408 3287 2484 3324 ne

277 3337 545 3399 defueriS‚
581 3356 700 3403 quo
734 3341 1059 3406 aliquando
1091 3342 1208 3395 huc
1241 3343 1504 3396 reversus
1536 3359 1735 3396 meam
1767 3338 1788 3411 ΙΙ
1819 3343 1975 3396 hanc
2008 3343 2482 3408 qualemcunque
2514 3351 2597 3395 32r

1905 3415 2485 3467 commendationem
