2632 4022
690 286 1385 342 ANNOTATIONES
1413 289 1883 344 EDITORUM
2286 293 2390 345 399

185 425 413 469 candido
443 428 496 469 et
525 425 1031 470 Mathematicarum
1061 428 1256 471 artium
1285 429 1489 473 artifice
1519 429 1706 483 feram,
1739 430 1849 474 imo
1882 431 2044 474 etiam
2072 431 2166 475 tibi
2196 443 2294 487 pro
2325 443 2390 476 eo

183 484 450 528 maximas
478 497 634 540 agam
661 485 871 541 gratias.
903 485 1021 530 Non
1048 488 1229 531 omnia
1256 491 1436 532 autem
1463 489 1639 544 capita
1666 501 1805 534 meae
1831 490 2211 534 lucubrationis
2237 491 2389 535 mitto

184 543 320 598 Regi,
348 544 436 587 sed
455 547 664 587 tantum
685 546 973 600 praecipua.
998 545 1242 590 Tractavi
1262 548 1404 591 enim
1424 549 1567 592 idem
1586 553 1768 592 tecum
1786 550 1912 593 illud
1934 554 2303 605 argumentum
2325 551 2390 594 de

119 611 135 630 ¹
185 601 584 662 cu-ssiuscunque
603 604 946 658 phaenomeni
965 605 1282 650 invenienda
1301 608 1581 651 Parallaxi:
1611 620 1675 651 ac
1702 609 1911 652 confeci
1935 610 2188 653 tabellam
2210 610 2391 666 ampli-

185 673 335 705 orem
354 665 463 714 tua,
485 663 796 707 inchoatam
818 677 850 707 a
869 664 898 707 2
918 664 1350 718 Semidiametris‚
1375 666 1498 711 hinc
1518 667 1562 711 4.
1585 667 1627 710 8.
1654 667 1722 711 10.
1744 668 1817 711 20.
1839 668 1913 711 30.
1934 668 2007 712 40.
2029 669 2102 712 52.
2124 670 2197 712 55.
2220 669 2292 712 64.
2315 669 2387 714 68.

183 721 241 764 70
261 724 360 765 etc.
381 722 544 776 usque
565 723 634 765 ad
658 722 755 766 100.
785 723 888 766 Sed
914 735 978 767 ea
1005 724 1152 768 domi
1177 725 1308 768 mihi
1335 726 1620 779 reservavi;
1650 738 1775 770 cum
1802 728 1942 771 enim
1965 740 1996 771 a
2015 731 2068 771 te
2095 728 2253 772 essent
2278 741 2391 784 per-

182 779 409 824 tractata
435 785 487 824 et
513 781 729 836 quidem
755 783 974 834 erudite,
1002 783 1148 827 nolui
1169 783 1402 828 Noctuas
1422 786 1673 830 Athenas.
1702 786 1960 839 Quamvis
1980 788 2173 831 vellem
2193 791 2245 831 te
2267 801 2392 843 quo-

183 851 285 894 que
299 852 364 884 ea
378 840 559 884 videre
578 841 735 896 posse‚
756 845 814 884 ut
833 845 983 885 tuam
1005 843 1070 886 de
1091 843 1172 886 his
1193 844 1410 887 audiam
1426 845 1750 890 sententiam.
1774 847 1980 890 Contuli
1994 858 2117 890 mea
2132 859 2256 891 cum
2269 848 2388 900 tuis,

182 902 235 942 et
260 900 441 943 omnia
467 911 759 955 congruere
785 901 1050 945 videntur:
1077 902 1265 946 unicus
1291 905 1441 947 locus
1467 905 1538 948 est
1564 905 1617 948 in
1643 916 1759 960 cap.
1786 906 1834 948 ll
1866 906 1955 949 fol.
1977 906 2029 949 21
2061 919 2110 961 p.
2132 907 2176 958 2,
2204 907 2257 950 in
2284 919 2390 962 quo

181 958 375 1002 videris
402 959 501 1003 esse
526 960 716 1014 lapsus,
747 960 838 1003 nifi
864 960 1042 1004 forsan
1067 972 1165 1016 ego
1192 974 1300 1006 non
1326 963 1566 1018 assequor
1591 965 1795 1007 sensum
1824 968 2042 1020 propter
2069 965 2389 1021 imperitiam

181 1018 336 1061 vestri
359 1018 641 1062 idiomatis.
671 1020 751 1063 Ita
777 1023 958 1063 autem
984 1020 1056 1064 ibi
1080 1021 1269 1065 habes:
1296 1033 1340 1077 y
1360 1023 1413 1065 la
1436 1022 1658 1066 sacaras
1684 1024 1753 1067 de
1780 1023 1852 1077 90,
1879 1028 2007 1079 puto
2035 1025 2262 1069 debuisse
2288 1026 2392 1070 dici

182 1077 278 1121 abs
297 1080 371 1121 te:
395 1078 746 1122 auferendum
767 1079 866 1123 esse
887 1080 953 1122 de
972 1080 1165 1124 maiori
1185 1081 1458 1126 altitudine
1478 1083 1835 1137 phaenomeni.
1859 1084 1999 1127 Nam
2020 1085 2056 1127 fi
2075 1084 2152 1128 isti
2172 1085 2390 1129 dimidio

181 1137 330 1180 arcui
356 1137 585 1181 addatur
610 1139 831 1182 altitudo
851 1139 1207 1192 Phaenomeni‚
1236 1144 1327 1184 aut
1353 1142 1627 1185 auferatur
1651 1155 1683 1185 a
1706 1143 1898 1186 maiori
1924 1143 2212 1197 altitudine,
2240 1145 2389 1188 relin-

180 1196 290 1250 quit
317 1208 507 1240 arcum
534 1201 626 1241 aut
651 1198 864 1252 prorsus
890 1200 1173 1253 aequalem,
1202 1204 1294 1243 aut
1319 1202 1480 1255 paulo
1507 1202 1771 1246 minorem
1798 1203 2070 1247 altItudine
2095 1204 2218 1258 poli,
2247 1205 2390 1259 quod

178 1267 288 1300 non
306 1255 380 1308 fit,
403 1257 440 1299 fi
461 1257 709 1300 dematur
727 1258 794 1301 de
813 1257 886 1302 90.

239 1315 395 1366 Quod
417 1316 471 1358 in
493 1328 616 1360 mea
636 1317 1084 1362 demonstratione
1106 1319 1358 1372 quaedam
1379 1319 1643 1374 superflua
1665 1321 2105 1365 animadverteris
2125 1325 2176 1365 et
2195 1322 2390 1366 indica-

178 1374 333 1427 veris,
354 1387 452 1429 pro
474 1387 538 1419 eo
560 1388 660 1432 ago
680 1376 774 1420 tibi
793 1377 1006 1432 gratias,
1028 1377 1150 1421 licet
1169 1389 1266 1433 ego
1286 1378 1396 1421 iam
1417 1382 1539 1422 ante
1557 1391 1621 1423 ea
1639 1380 1820 1434 sponte
1839 1381 2180 1425 correxerim.
2204 1382 2390 1426 Omnis

178 1434 320 1477 enim
339 1434 429 1478 illa
449 1435 826 1480 demonstratio
845 1437 1029 1480 saltem
1047 1437 1254 1481 duabus
1268 1438 1610 1492 positionibus
1624 1440 1794 1493 potuit
1808 1440 2029 1484 absolvi:
2053 1442 2194 1496 Rogo
2209 1445 2389 1485 autem

177 1496 236 1536 ut
254 1493 396 1537 idem
416 1494 584 1538 facias
604 1498 657 1539 et
676 1496 868 1539 eodem
889 1496 1125 1540 candore
1143 1496 1198 1540 in
1216 1497 1429 1552 reliquis
1450 1498 1598 1543 meis.
1621 1498 1777 1550 Quod
1794 1510 1924 1543 vero
1945 1500 2209 1544 existimas
2230 1513 2317 1545 me
2336 1501 2390 1544 in

177 1554 345 1607 gradu
366 1555 758 1598 culminationis
778 1555 900 1598 coeli
920 1556 1125 1608 ειη-ΑΒΕ,
1147 1556 1200 1599 in
1220 1567 1284 1600 eo
1305 1568 1413 1600 non
1429 1557 1586 1601 facile
1599 1557 1693 1601 tibi
1707 1558 2068 1614 subscripsero.
2092 1560 2231 1603 Nam
2247 1562 2390 1614 quod

175 1615 233 1655 tu
260 1613 459 1668 colligis
486 1625 612 1657 cum
635 1615 653 1656 1
680 1615 740 1658 G.
755 1619 816 1667 V
835 1615 1140 1659 culminasse
1166 1615 1366 1659 stellam
1387 1628 1484 1672 ego
1505 1629 1630 1661 cum
1650 1617 1678 1660 Ο
1696 1622 1771 1670 V,
1801 1618 1921 1662 haec
1949 1619 2247 1662 differentia
2272 1631 2390 1674 pro-

176 1671 319 1715 venit
339 1683 406 1715 ex
426 1673 630 1716 diversa
649 1673 755 1717 loci
774 1674 908 1718 Solis
928 1675 1255 1730 acceptione.
1278 1676 1562 1720 Contendis
1580 1677 1742 1720 etiam
1760 1677 1908 1721 iuxta
1923 1691 1955 1721 a
1970 1690 2058 1722 me
2072 1682 2388 1722 annotatum

175 1734 388 1786 tempus
408 1731 463 1789 Ῐη
486 1732 551 1776 H.
572 1733 615 1776 4.
634 1733 715 1776 30¹
738 1734 977 1777 medium
997 1734 1119 1778 coeli
1136 1737 1318 1779 tenere
1338 1735 1367 1778 0
1385 1736 1530 1790 grad.
1552 1735 1606 1779 16
1618 1741 1692 1789 V,
1715 1737 1768 1780 id
1789 1737 2004 1792 quidem
2024 1737 2098 1781 ita
2119 1738 2169 1782 se
2188 1738 2388 1782 habere

178 1791 421 1846 agnosco,
450 1792 538 1835 sed
558 1793 674 1846 quis
695 1793 874 1847 quaeso
893 1805 991 1848 pro
1017 1793 1086 1846 16,
1115 1795 1508 1839 culminationis
1529 1796 1651 1839 coeli
1670 1796 1834 1839 fidem
1856 1797 2238 1852 interposuerit,
2267 1810 2388 1852 quae

180 1850 234 1894 16
254 1851 437 1894 saltem
457 1851 548 1894 uni
567 1852 811 1907 scrupulo
832 1853 984 1897 horae
1005 1853 1279 1906 debentur,
1300 1857 1359 1897 ut
1373 1855 1409 1897 fi
1424 1855 1737 1910 accepissem
1750 1856 1805 1898 in
1818 1859 2061 1911 tempore
2075 1857 2240 1900 horas
2253 1858 2296 1901 4.
2312 1857 2386 1910 29,

175 1913 289 1953 tum
310 1909 495 1954 exacte
516 1913 731 1955 colurus
751 1911 1193 1966 aequinoctiorum
1216 1913 1468 1957 incidisset
1486 1914 1540 1957 in
1558 1915 1727 1970 ipsum
1748 1915 2119 1960 Meridianum.
2150 1916 2290 1960 Nam
2316 1918 2389 1961 lo-

176 1980 270 2012 cus
296 1976 341 2020 Θ
368 1981 435 2013 ex
455 1970 615 2027 Stadij
642 1971 911 2026 ephemer.
933 1972 1198 2016 invenitur
1223 1973 1276 2015 in
1301 1973 1385 2016 21⁰
1403 1974 1454 2016 3⁴
1482 1979 1516 2026 z
1532 2007 1543 2026 ,
1571 1974 1722 2017 cuius
1748 1975 1979 2019 ascensio
2000 1976 2052 2019 R.
2074 1975 2177 2019 292.
2199 1976 2273 2028 46,
2302 1977 2388 2020 cui

175 2029 211 2071 fi
237 2040 335 2083 pro
361 2029 391 2072 4
418 2029 483 2073 H.
508 2030 567 2073 29
592 2031 859 2074 addantur
882 2031 940 2074 67
961 2044 1033 2087 gr.
1066 2032 1135 2084 15,
1164 2032 1261 2075 erit
1289 2033 1518 2077 ascensio
1540 2034 1592 2077 R.
1614 2034 1844 2089 tempori
1869 2046 2165 2090 congruens
2190 2035 2293 2079 360.
2321 2035 2384 2079 1⁴.

177 2088 361 2132 Nullus
380 2089 535 2144 igitur
555 2101 705 2134 error
724 2091 823 2134 esse
843 2091 1029 2146 potest:
1052 2103 1151 2135 nec
1172 2091 1244 2135 est
1264 2091 1562 2136 differentia
1581 2093 1756 2137 maior
1772 2094 1907 2138 inter
1919 2106 2033 2147 nos,
2056 2107 2219 2149 quam
2232 2095 2387 2139 unlus

175 2147 343 2202 scrup.
365 2148 534 2201 horae,
556 2161 654 2204 pro
676 2162 782 2204 qua
802 2150 919 2204 quis
940 2151 1118 2205 quaeso
1140 2152 1502 2195 contenderit?
1522 2154 1628 2207 Ego
1650 2153 1850 2208 aliquot
1870 2154 1984 2209 alijs
2004 2155 2137 2197 meis
2158 2155 2388 2198 confide-

175 2207 468 2252 rationibus
496 2220 592 2263 per
621 2210 952 2253 altitudinem
978 2210 1043 2252 4ae
1071 2210 1230 2254 stellae
1249 2211 1302 2254 in
1323 2211 1609 2266 Cassiopeia
1630 2213 1954 2267 deprehendi
1972 2213 2120 2256 illam
2141 2213 2342 2257 stellam
2363 2212 2385 2273 ΙΙ

110 2275 132 2292 v
176 2265 361 2310 exacte
381 2268 685 2312 culminasse
705 2280 830 2312 cum
844 2269 872 2312 0
884 2274 958 2322 V.
980 2271 1042 2312 Et
1057 2270 1200 2313 idem
1217 2270 1514 2314 invenietur
1527 2283 1594 2315 ex
1605 2274 1698 2315 tua
1714 2272 2096 2325 observatione,
2119 2273 2155 2316 fi
2174 2276 2387 2328 tempus

174 2330 328 2369 tuum
355 2328 499 2382 quod
522 2331 581 2371 tu
607 2329 759 2383 ponis
778 2330 806 2371 5
829 2329 894 2372 H.
917 2329 997 2372 38¹
1019 2330 1202 2373 saltem
1225 2329 1276 2373 3·
1299 2333 1391 2373 aut
1409 2330 1459 2373 4⁴
1481 2331 1655 2374 minus
1682 2332 1970 2386 acceperis,
1997 2332 2249 2375 nimirum
2270 2332 2335 2376 H.
2357 2335 2385 2375 5

174 2385 255 2428 35⁴
278 2389 370 2429 aut
387 2386 487 2439 34¹,
515 2391 567 2431 et
593 2389 773 2431 locum
798 2394 844 2439 Θ
870 2400 937 2432 ex
957 2389 1166 2443 ephem.
1190 2389 1374 2445 Stadij:
1404 2402 1568 2444 quam
1594 2391 1750 2435 facile
1778 2394 1958 2434 autem
1978 2391 2032 2434 in
2049 2391 2079 2434 4
2098 2391 2312 2436 minutis
2331 2392 2386 2435 in

173 2448 418 2500 tempore
437 2447 611 2501 lapsus
632 2447 935 2503 contingere
955 2448 1137 2503 potest,
1164 2451 1275 2492 tute
1302 2449 1447 2492 nosti.
1477 2449 1654 2501 Quare
1675 2450 1851 2494 adhuc
1872 2451 2042 2505 persto
2063 2451 2117 2494 in
2136 2463 2260 2494 mea
2280 2452 2386 2495 sen-

173 2505 353 2557 tentia,
382 2505 583 2549 stellam
604 2505 790 2550 exacste
809 2507 1023 2552 tenuisse
1044 2508 1281 2551 medium
1302 2509 1424 2551 coeli
1444 2520 1569 2552 cum
1589 2509 1617 2552 Ο
1635 2514 1709 2562 V,
1736 2513 1794 2552 ut
1819 2510 2021 2554 interea
2040 2510 2167 2553 nihil
2188 2510 2382 2563 dicam,

175 2565 319 2618 quod
334 2568 386 2608 et
400 2566 756 2619 commodius,
779 2570 831 2622 et
847 2579 991 2611 novo
1008 2567 1085 2610 isti
1105 2567 1290 2610 lumini
1311 2568 1571 2623 augustius
1592 2569 1662 2612 est
1682 2569 1850 2623 ipsum
1870 2568 2126 2624 punctum
2145 2570 2381 2626 principij

175 2623 436 2679 accipere,
467 2637 631 2680 quam
657 2626 723 2669 de
751 2626 952 2683 aliquot
977 2627 1145 2682 scrup.
1174 2627 1250 2670 cis
1276 2628 1360 2670 vel
1387 2629 1526 2671 ultra
1551 2628 1677 2671 illud
1702 2629 2019 2684 principium
2046 2629 2386 2684 pertinaciter

175 2685 512 2728 contendere.

234 2742 390 2794 Quod
410 2743 572 2787 etiam
592 2747 650 2786 tu
668 2744 944 2800 Purbachij
972 2746 1184 2789 tabulas
1211 2746 1574 2800 praeferendas
1595 2747 1693 2790 esse
1714 2747 1893 2791 censes
1912 2747 2213 2799 Prutenicis,
2242 2759 2383 2803 aegre

173 2801 267 2845 tibi
287 2803 606 2855 conceBero,
634 2803 724 2846 nifi
744 2804 798 2847 id
818 2804 1148 2848 evidentibus
1168 2805 1573 2849 confirmaveris
1594 2806 1901 2850 rationibus.
1930 2807 2033 2850 Sed
2053 2818 2224 2860 neque
2243 2806 2297 2849 in
2317 2819 2381 2851 eo

173 2861 267 2905 tibi
294 2861 553 2914 assentior,
582 2863 725 2917 quod
753 2863 1229 2919 Regiomontanum
1254 2865 1547 2919 Copernico
1568 2868 1620 2908 et
1640 2866 1929 2910 Reinholdo
1957 2866 2248 2920 anteponis.
2277 2867 2381 2921 Ego

174 2920 414 2975 profecto
428 2921 682 2973 existimo,
698 2926 750 2965 et
765 2923 1116 2978 suffragantur
1130 2923 1260 2966 mihi
1273 2924 1671 2978 praestantissimi
1685 2925 1893 2979 quique,
1908 2925 2261 2980 Copernicum
2275 2937 2383 2969 non

173 2979 439 3024 minorem
459 2981 603 3025 fuisse
622 2982 930 3034 Ptolomaeo,
959 2983 1281 3037 superiorem
1302 2995 1432 3027 vero
1454 2984 1887 3039 Regiomontano‚
1917 2995 1981 3027 eo
2010 2985 2152 3039 quod
2178 2984 2383 3028 univer-

175 3039 285 3083 sam
311 3043 483 3084 artem
503 3052 570 3084 ex
590 3041 741 3084 novis
767 3041 1146 3096 hypothesibus
1166 3046 1218 3085 et
1238 3042 1692 3087 observationibus
1719 3044 1962 3096 extruxit,
1992 3044 2135 3098 quod
2156 3056 2188 3086 a
2209 3044 2383 3099 Regio-

174 3102 432 3143 montano
453 3111 560 3143 non
581 3100 652 3143 est
673 3103 989 3143 attentatum
1009 3102 1208 3144 nedum
1230 3102 1536 3156 praestitum,
1565 3103 1687 3146 licet
1711 3114 1820 3146 non
1844 3103 2099 3158 ignorarit
2122 3115 2229 3146 una
2256 3114 2381 3146 cum

173 3158 470 3202 Purbachio
490 3163 825 3214 praeceptore
846 3161 953 3212 suo,
976 3161 1347 3204 emendatione
1368 3165 1613 3205 motuum
1632 3174 1766 3216 opus
1781 3163 1894 3206 esse.
1917 3163 2042 3206 Ideo
2056 3162 2381 3206 Purbachius

175 3217 293 3260 suas
303 3218 514 3262 tabulas
525 3219 802 3273 Eclipfium
815 3219 1113 3263 conabatur
1124 3219 1395 3274 aliquanto
1408 3219 1701 3265 exactiores
1710 3222 2040 3276 Alphonfinis
2052 3221 2378 3266 constituere.

174 3276 461 3331 Saepissime
484 3278 647 3321 etiam
666 3279 817 3322 Purb.
842 3279 1070 3334 Regiom.
1087 3279 1376 3323 Wernerus
1402 3283 1455 3323 et
1480 3281 1562 3336 alij
1592 3280 1805 3325 confessi
1831 3281 1946 3324 sunt
1971 3292 2178 3325 errores
2204 3281 2302 3325 esse
2328 3282 2381 3324 in

175 3339 325 3379 motu
345 3338 679 3380 Planetarum
701 3341 752 3381 et
771 3338 1063 3392 praesertim
1089 3340 1137 3394 d*
1162 3341 1213 3382 et
1245 3338 1277 3396 {J
1294 3372 1305 3390 ‚
1331 3342 1389 3382 ut
1408 3343 1553 3394 patet
1573 3352 1640 3383 ex
1658 3340 1890 3394 ipsorum
1912 3340 2378 3384 observationibus.
