2644 4030
180 307 246 360 T.
274 305 728 359 HAGECIUS
754 304 876 356 AD
901 303 1409 357 TYCHONEM
1435 303 1512 356 30
1537 300 1814 369 APR.l10
1839 302 2023 354 MAI.
2052 302 2197 355 1589
2283 302 2374 354 183

246 449 528 508 BatoneS,
562 463 712 513 quos
743 446 964 499 salvere
996 445 1257 507 iubebaS,
1289 461 1414 498 non
1444 445 1575 497 sunt
1606 448 1669 496 in
1700 444 1813 497 hac
1845 444 2000 497 aula.
2038 444 2112 497 D.
2144 444 2375 497 DUDI-

174 519 437 580 THIUS‚
462 519 638 572 bonae
664 520 988 579 memoriae‚
1016 518 1088 570 de
1113 517 1275 570 libris
1293 516 1681 578 WITYCHIJ
1707 518 1830 568 iam
1856 515 2000 567 olim
2023 531 2158 568 cum
2181 516 2376 568 sorore

175 591 351 657 ipfius
377 593 505 656 egit.
533 589 646 643 Sed
672 588 1054 641 morofiorem
1080 589 1245 641 illam
1270 588 1426 640 fuisse
1451 587 1730 647 intellexi,
1759 602 1941 652 quam
1966 593 2031 638 ut
2056 587 2280 651 aliquid
2305 602 2377 639 ex

174 661 529 715 bibliotheca
556 660 748 713 fratris
778 663 1218 712 communicare
1243 659 1418 712 vellet
1445 666 1546 711 aut
1572 658 1774 711 saltem
1799 657 2038 710 lustrare
2064 664 2376 722 pateretur.

105 751 127 784 5
176 734 240 786 B.
256 734 325 786 V.
346 733 548 798 Pragae
569 732 640 784 10.
663 731 812 797 Maij
837 732 981 784 1589.
1761 764 1812 817 T
1848 764 2111 817 studiofiss

142 904 145 906 ’
248 911 322 964 D.
343 910 583 964 fratrem
601 916 771 962 tuum
790 912 939 962 meis
958 909 1149 962 verbis
1170 908 1424 961 officiose
1444 908 1665 962 salvere
1684 907 1838 960 iube.
2018 835 2235 888 THAD.

65 1098 116 1142 9r
136 1099 164 1143 ÷
284 1088 740 1141 EXEMPLUM
768 1087 1234 1140 LITERARUM
1262 1086 1609 1139 MARTINI
1636 1086 1862 1148 MYLIJ
1888 1085 2004 1137 AD
2031 1084 2284 1137 THAD.

86 1201 129 1236 ιο
307 1183 589 1236 LARISS.
610 1186 715 1243 vir,
736 1182 923 1235 fateor
941 1183 1190 1248 peccasse
1210 1197 1306 1233 me
1326 1185 1462 1233 inte
1484 1188 1659 1246 atque
1680 1181 1831 1233 adeo
1852 1183 1914 1232 in
1934 1182 2256 1232 amicitiam
2275 1195 2379 1231 no-

329 1255 518 1316 stram,
545 1258 648 1320 qui
673 1261 795 1307 tam
821 1255 924 1306 diu
950 1253 1145 1306 nullas
1172 1253 1247 1305 ad
1271 1260 1326 1305 te
1349 1252 1547 1304 literas
1569 1252 1711 1313 mifi,
1739 1267 1874 1303 cum
1893 1251 2212 1316 praesertim
2231 1250 2381 1303 mihi

177 1327 249 1379 de
276 1326 451 1379 rebus
478 1327 554 1379 ad
578 1333 635 1378 te
660 1326 1102 1390 pertinentibuS‚
1129 1331 1272 1388 puta
1298 1324 1370 1376 de
1397 1324 1579 1375 literis
1606 1330 1660 1375 et
1686 1322 1835 1374 libro
1856 1330 1959 1374 tuo
1980 1323 2055 1375 ad
2075 1322 2380 1375 TYCHO·

177 1397 361 1450 NEM
381 1397 662 1458 curand0,
682 1396 1050 1449 scribendum
1071 1397 1212 1448 esset.
1235 1395 1348 1448 Sed
1362 1397 1444 1447 ita
1458 1394 1533 1446 est
1547 1401 1610 1446 ut
1623 1393 1822 1446 scribo,
1844 1394 2085 1446 Diutius
2100 1396 2380 1458 opinione

177 1484 314 1521 mea
333 1468 688 1521 delituerunt
707 1467 867 1533 apud
886 1483 983 1519 me
1002 1466 1416 1519 TYCHONIS
1436 1466 1637 1518 literae.
1663 1466 1866 1518 Unam
1887 1467 2047 1517 enim
2067 1465 2267 1517 saltem
2288 1480 2381 1517 oc-

87 1557 130 1591 15
179 1540 472 1592 cafionem
491 1539 782 1592 habemus
801 1538 1069 1591 mittendi
1085 1554 1190 1604 per
1206 1537 1520 1590 nostratem
1534 1537 1835 1602 quendam
1850 1539 2055 1598 civem,
2077 1539 2179 1601 qui
2194 1537 2382 1588 Ham-

176 1611 429 1676 burgum
454 1613 539 1663 ire
564 1610 721 1670 solet,
751 1610 929 1675 idque
955 1625 1079 1662 uno
1105 1625 1268 1662 anno
1293 1611 1393 1660 vix
1418 1609 1522 1661 bis.
1553 1609 1667 1661 Iter
1693 1610 1854 1660 enim
1880 1608 1955 1660 est
1983 1607 2381 1673 longinquius,

180 1683 338 1735 Cum
367 1697 439 1734 eo
467 1684 642 1748 igitur
667 1681 793 1733 mifi
818 1688 921 1734 tua
950 1688 1086 1733 ante
1115 1696 1337 1746 paucas
1365 1679 1736 1744 septimanas,
1768 1679 1942 1731 credo
1967 1682 2068 1731 vix
2095 1686 2211 1731 tres
2241 1695 2382 1744 qua-

179 1760 387 1806 tuorve
415 1754 492 1806 ad
520 1753 832 1805 summum.
866 1754 1023 1805 Ante
1052 1752 1199 1804 illud
1227 1759 1459 1816 tempus
1488 1751 1675 1803 fateor
1703 1750 2067 1815 suppuduisse
2097 1766 2193 1802 me
2224 1754 2381 1815 quic-

179 1840 361 1890 quam
380 1824 641 1885 scribere,
662 1840 739 1876 ne
752 1831 817 1876 tu
830 1823 977 1876 forte
992 1823 1381 1888 indignarere,
1403 1823 1562 1887 quod
1579 1838 1715 1874 mea
1729 1825 1957 1874 incuria
1971 1822 2382 1882 commifissem,

85 1912 131 1947 20
179 1903 244 1948 ut
273 1895 511 1961 epistola
538 1894 690 1949 facta
719 1896 845 1948 esset
875 1894 1073 1958 ἕωλος.
1105 1895 1254 1947 Eam
1283 1894 1629 1960 religionem
1656 1909 1855 1946 meam
1884 1899 1948 1945 ut
1975 1892 2116 1944 boni
2144 1899 2199 1945 et
2225 1896 2384 1958 aequi

181 1967 466 2028 consulaS,
486 1974 542 2019 te
563 1983 686 2019 oro,

253 2038 497 2104 Gorlicij
522 2038 616 2091 die
635 2038 890 2103 Philippi
911 2044 966 2090 et
986 2037 1183 2090 Iacobi
1202 2037 1619 2102 Apostolorum
1639 2036 1783 2089 1589.

103 2209 132 2252 †
1003 2203 1198 2256 POST
1223 2202 1560 2256 SCRIPTA.

245 2300 303 2352 N
325 2299 762 2352 Cancellariam
782 2299 1016 2364 Imperij
1045 2301 1403 2360 memineriS,
1429 2305 1493 2351 ut
1519 2314 1592 2350 ex
1617 2304 1821 2350 tenore
1842 2297 2129 2363 Privilegij
2160 2297 2386 2362 aliquot

87 2389 132 2423 25
269 2371 540 2436 exempla
565 2374 651 2423 tui
676 2373 869 2435 operis
894 2373 1106 2422 mittas,
1135 2370 1257 2435 Ego
1285 2372 1460 2430 enim,
1489 2372 1591 2434 qui
1615 2369 1846 2422 fueram
1871 2369 2184 2422 solicitator
2206 2369 2384 2421 Privi-

181 2443 333 2508 legij,
354 2442 468 2495 hac
488 2442 560 2494 de
580 2458 643 2494 re
662 2442 749 2494 fui
768 2442 1122 2494 admonitus,
1151 2441 1456 2506 Respondi,
1477 2441 1633 2493 fuisse
1655 2440 1895 2506 quidem
1914 2441 2062 2493 mihi
2083 2441 2187 2493 abs
2206 2448 2261 2493 te
2282 2456 2385 2506 per

182 2514 483 2579 quendam
512 2513 847 2566 Studiosum
875 2514 1103 2565 missum
1132 2529 1322 2565 unum
1352 2512 1706 2577 exemplum,
1740 2512 1835 2564 sed
1865 2512 2209 2576 Bibliopolis
2241 2514 2384 2563 inte-

181 2600 352 2650 grum
382 2600 532 2650 opus
561 2584 832 2637 nondum
857 2584 1013 2636 fuisse
1039 2584 1419 2649 publicatum,
1450 2599 1644 2648 neque
1670 2590 1726 2636 te
1751 2583 1907 2636 hanc
1933 2590 2161 2648 partem
2186 2583 2383 2635 secun-

183 2657 322 2708 dam
354 2656 569 2720 absque
603 2656 734 2721 alijs
765 2655 1066 2721 publicare
1098 2655 1350 2708 voluisse.
1392 2655 1550 2708 Cum
1587 2658 1760 2720 igitur
1794 2658 1857 2706 in
1892 2661 2155 2706 mercatu
2186 2654 2384 2706 futuro

89 2745 134 2780 30
183 2727 686 2780 Francoffordenfi
705 2730 996 2792 integrum
1017 2742 1168 2792 opus
1190 2727 1276 2791 (ut
1294 2726 1482 2792 spero)
1504 2727 1771 2791 prodibit,
1794 2733 1849 2778 et
1870 2725 2141 2790 exempla
2161 2725 2386 2789 aliquot

182 2802 246 2850 in
272 2798 709 2851 Cancellariam
737 2798 976 2859 miseriS,
1006 2797 1221 2850 vellem
1250 2798 1530 2851 salutares
1558 2800 1674 2850 tuis
1702 2797 1882 2849 literis
1913 2797 1987 2849 D.
2011 2795 2384 2849 CURTIUM

184 2870 422 2934 eiusque
442 2873 763 2922 amicitiam
784 2876 1100 2935 expeteres.
1129 2869 1287 2921 Mihi
1307 2869 1382 2921 est
1402 2870 1787 2928 amicissimuS,
1817 2875 1871 2920 et
1896 2865 2154 2932 profecto
2176 2868 2386 2932 dignus

184 2941 275 3001 est,
305 2944 407 3006 qui
436 2941 510 2993 ab
541 2941 816 2993 omnibus
846 2940 1132 3006 diligatur.
1164 2941 1260 2993 Ad
1289 2940 1412 3005 ipsa
1437 2940 1810 2992 Mathemata
1838 2946 2011 2991 natus
2040 2939 2285 3007 videtur.
2317 2938 2386 2989 Et

185 3019 353 3072 certe,
374 3012 415 3064 fi
434 3014 505 3077 ijs
525 3012 659 3064 solis
678 3012 782 3077 ipfi
800 3012 1138 3064 vacandum
1159 3012 1301 3071 esset,
1324 3011 1548 3075 aliquid
1568 3010 1837 3075 praestare
1858 3011 2046 3075 posset.
2126 3062 2129 3065 .

90 3100 136 3135 3⁵
255 3082 486 3135 Titulus
507 3083 582 3134 D.
599 3082 866 3145 CURTIJ
878 3099 890 3134 ε
912 3082 1264 3136 IACOBUS
1279 3081 1623 3135 CURTIUS
1637 3098 1673 3134 a
1688 3081 2048 3142 Senfstenau,
2065 3081 2210 3134 Caes.
2229 3081 2384 3133 Con-

185 3153 432 3206 filiarius
453 3160 508 3206 et
527 3153 883 3206 Procancell.
905 3154 1159 3219 ImperiJ'.

2099 3434 2166 3499 [E
2188 3436 2385 3487 codice
