2664 4030
271 296 340 348 62
805 292 1242 346 EPISTOLAE
1267 292 1938 346 ASTRONOMICAE

270 452 508 502 ponam.
536 436 938 497 Instrumenta,
967 436 1179 500 quibus
1205 438 1269 488 in
1294 435 1794 488 observationibus
1818 435 2141 488 coelestibus
2166 442 2315 498 utor,
2341 436 2472 490 sunt

272 507 572 568 eiusmodi,
593 513 656 559 ut
669 507 822 560 nihil
834 510 897 559 in
910 507 1019 568 his,
1042 507 1201 571 quod
1217 507 1292 559 ad
1305 506 1722 571 perfectionem
1736 506 1926 568 faciat,
1948 506 2270 560 desiderare
2287 509 2469 572 possis.

272 579 646 642 Quadrantes
661 594 692 630 e
706 578 889 630 solido
903 578 1143 631 metallo
1157 578 1486 639 fabricatOS,
1506 578 1831 631 Azimutha
1843 577 2174 643 scrupulose
2188 580 2312 631 una
2323 579 2470 631 indi-

272 656 486 710 canteS,
512 656 692 702 tantae
712 649 1132 715 magnitudinis
1153 648 1363 710 habe0,
1391 655 1455 700 ut
1479 649 1703 714 fingula
1721 652 1967 710 minuta,
1995 649 2274 715 quaedam
2294 652 2473 702 etiam

272 721 572 774 cuiuslibet
596 724 810 773 minuti
836 726 1109 785 quartam
1134 726 1361 785 partem
1384 720 1725 772 discernant.
1752 720 2034 773 Armillas
2053 720 2472 773 HYPARCHI
2521 738 2543 774 ⁵

272 799 327 845 et
346 792 785 845 PTOLOMAEI
805 791 1145 851 metallicaS,
1166 790 1527 856 fingulorum
1545 793 1912 843 minutorum
1933 807 2193 857 capaceS,
2215 807 2351 856 quae
2367 807 2471 844 no-

271 867 359 916 vis
380 863 726 928 quibusdam
741 862 1106 927 compendijs
1121 862 1196 914 ad
1211 863 1474 914 amussim
1495 861 1812 914 elaboratae
1832 862 1977 924 sunt,
1998 863 2209 916 habe0.
2231 863 2471 917 Sextan-

270 942 387 987 tem
418 934 908 995 Astronomicum,
938 949 1046 998 pro
1076 933 1376 998 capiendis
1403 933 1699 986 stellarum
1728 933 1971 999 distantij
1978 950 2021 995 S,
2052 934 2389 999 exquisitius
2418 940 2474 986 et

271 1005 500 1058 facilius
521 1020 703 1070 quam
722 1020 826 1069 per
846 1004 1116 1066 Radium,
1139 1020 1258 1069 quo
1279 1006 1403 1056 una
1421 1010 1622 1057 tamen
1636 1000 1657 1073 ΙΙ
1672 1011 1821 1065 utor,
1842 1007 1994 1057 mira
2013 1004 2297 1058 tractandi
2317 1021 2472 1057 com·
2509 1014 2591 1058 183

270 1077 551 1129 moditate
567 1077 795 1141 pridem
808 1079 1007 1140 parari
1019 1076 1145 1128 feci.
1169 1075 1434 1128 Globum
1454 1079 1720 1140 apprime
1740 1077 2078 1137 rotundum,
2098 1076 2195 1128 sex
2214 1076 2392 1142 pedes
2410 1079 2480 1128 in·
2526 1093 2570 1129 ιο

272 1149 558 1201 diametro
574 1153 1014 1213 exuperantem,
1036 1147 1287 1200 construi
1307 1150 1525 1207 curavi,
1548 1150 1650 1212 qui
1669 1147 2028 1212 singulorum
2048 1163 2200 1213 pene
2219 1150 2474 1200 minuto-

271 1236 405 1272 rum
426 1235 629 1284 capax,
656 1219 951 1271 stellarum
970 1219 1117 1279 loca,
1140 1234 1171 1270 e
1193 1218 1346 1271 coelo
1366 1234 1471 1283 per
1488 1234 1660 1271 veras
1680 1218 1975 1271 distantias
1996 1218 2313 1284 desumpta,
2338 1234 2473 1272 con-

271 1291 490 1352 tinebit,
513 1297 568 1343 et
586 1294 649 1342 in
668 1306 950 1343 numeros
963 1290 1121 1342 facili
1135 1290 1488 1354 compendio
1502 1290 1762 1342 resolvet.
1777 1290 2144 1355 Torquetum
2157 1289 2474 1343 Armillare
2523 1295 2552 1339 ·¹·

271 1378 556 1427 magnum
573 1377 605 1414 e
621 1361 862 1414 metallo
879 1361 1079 1423 solid0,
1099 1368 1227 1413 tum
1247 1364 1425 1413 etiam
1444 1361 1676 1427 regulas
1697 1361 2132 1423 HYPARCHI,
2152 1360 2476 1414 Azimutha

272 1436 395 1486 una
421 1449 557 1485 cum
583 1433 988 1486 altitudinibus
1013 1432 1415 1494 monstrantes,
1441 1432 1806 1503 longitudine
1832 1432 2139 1485 sufficienti
2158 1448 2318 1485 nunc
2338 1448 2474 1485 con·
2528 1449 2570 1485 15

272 1505 369 1557 fici
394 1521 553 1566 cur0,
579 1505 871 1569 pluraque
898 1505 1032 1575 alia,
1059 1504 1480 1556 Astronomicis
1507 1506 1794 1570 exercitijs
1820 1504 2208 1565 inservientia,
2236 1519 2474 1570 organa,

272 1592 489 1642 magna
516 1583 571 1628 et
597 1576 895 1641 exquifita‚
922 1578 1137 1641 partim
1161 1574 1415 1641 perfecta
1441 1575 1652 1637 habe0‚
1677 1578 1893 1640 partim
1918 1575 2107 1628 indies
2132 1575 2333 1641 perfici
2360 1575 2475 1628 ela-

272 1648 435 1701 bor0.
451 1647 794 1700 AEdificium
810 1650 1003 1708 etiam,
1019 1648 1179 1712 quod
1194 1647 1440 1700 Uraniae
1454 1649 1698 1699 nomine
1712 1646 1994 1712 infignivi,
2009 1650 2072 1699 in
2085 1647 2283 1699 medio
2297 1646 2477 1699 huius

274 1719 484 1771 Insulae
505 1718 598 1771 his
618 1719 1010 1771 Astronomiae
1032 1721 1320 1784 exercitijs
1341 1724 1396 1770 et
1416 1718 1743 1784 Spagyricis
1768 1718 2068 1771 laboribus
2088 1721 2354 1784 apprime
2375 1733 2476 1783 op·

272 1796 611 1855 portunum,
638 1806 747 1842 nec
773 1786 1020 1858 mi-ssnus
1046 1790 1367 1842 seeundum
1386 1788 1853 1843 architectonicae
1874 1792 2014 1842 artis
2034 1789 2312 1842 decoram
2330 1789 2476 1855 sym·
2513 1797 2596 1842 184

273 1864 546 1914 metriam
579 1860 921 1923 extructum,
957 1877 1174 1927 magno
1206 1861 1440 1926 sumptu
1471 1876 1630 1913 nunc
1661 1861 1902 1913 tandem
1933 1860 2169 1914 absolvi.
2209 1861 2478 1926 Impendi

274 1939 473 1985 autem
495 1939 620 1985 tum
639 1935 702 1985 111
721 1932 852 1993 1106,
872 1939 1000 1985 tum
1013 1936 1076 1985 in
1089 1932 1606 1984 instrumentorum
1621 1930 2120 1993 constructionem,
2141 1935 2295 1985 intra
2309 1934 2476 1997 quin-

275 2006 604 2070 quennium
623 2007 891 2068 proxime
913 2003 1190 2068 elapsum,
1217 2004 1351 2069 plus
1371 2003 1397 2030 ”⁸
1417 2004 1475 2056 ib
1495 2003 1754 2056 millibus
1775 2003 2285 2056 Ioachimicorum.
2312 2002 2478 2056 Serio

276 2079 451 2137 enim,
470 2082 525 2128 et
538 2092 645 2140 pro
660 2079 745 2128 rei
759 2076 1036 2141 dignitate
1051 2075 1459 2128 Astronomica
1472 2075 1569 2127 hic
1582 2073 1902 2136 tractanda,
1923 2074 2478 2140 commoditatesque

275 2154 441 2212 aptas
455 2148 711 2199 iudicavi
726 2147 1169 2208 constituendaS‚
1190 2149 1436 2199 minime
1450 2149 1745 2212 ignoranS,
1761 2162 1886 2199 non
1900 2147 2002 2199 esse
2018 2146 2312 2212 cuiusque,
2327 2146 2477 2198 sum-
2527 2163 2573 2198 25

274 2227 368 2271 tus
387 2225 551 2270 tanto
571 2222 806 2284 negotio
827 2222 934 2271 rite
954 2218 1290 2271 instruendo
1309 2218 1598 2278 sustinere,
1621 2224 1677 2270 et
1697 2233 1814 2278 eos,
1837 2221 1940 2283 qui
1958 2219 2175 2283 possint‚
2196 2218 2257 2270 id
2269 2220 2333 2270 in
2346 2217 2479 2283 alijs

275 2290 449 2342 rebus
475 2290 714 2342 ludicris
739 2294 935 2355 potius
960 2289 1247 2355 praestare,
1276 2306 1459 2355 quam
1484 2296 1548 2342 ut
1572 2295 1752 2342 tantae
1774 2289 2028 2342 scientiae
2047 2288 2352 2342 facultates
2371 2291 2478 2341 im-

275 2361 551 2426 pendant.
587 2361 787 2425 Quam
817 2362 1027 2426 cupide
1057 2367 1339 2426 optarem,
1373 2367 1437 2413 ut
1467 2361 1564 2413 hic
1593 2361 1741 2413 mihi
1768 2360 1938 2413 fimul
1966 2360 2201 2413 adessesl
2235 2360 2479 2413 Videres

275 2433 413 2484 sane
434 2448 520 2493 ea,
544 2448 679 2497 quae
699 2438 754 2485 te
775 2449 899 2485 non
915 2433 1286 2485 mediocriter
1300 2431 1670 2485 oblectarent.
1693 2432 1807 2484 Sed
1821 2434 1962 2497 quia
1974 2431 2034 2484 id
2047 2431 2175 2484 fieri
2188 2434 2288 2483 vix
2300 2431 2479 2497 potest

278 2504 550 2568 (uxorem
577 2506 752 2564 enim,
779 2507 865 2556 uti
891 2503 1089 2564 audio,
1118 2503 1345 2567 duxisti)
1368 2510 1423 2555 et
1449 2503 1806 2568 Reipublicae
1832 2503 2066 2568 insuper
2091 2503 2196 2555 das
2217 2518 2477 2568 operam,
2527 2519 2575 2555 30

278 2574 459 2636 effice,
490 2581 553 2626 ut
579 2570 599 2643 ΙΙ
625 2591 729 2640 per
754 2575 951 2627 literas
979 2575 1182 2627 saltem
1211 2575 1468 2627 crebrius
1495 2574 1960 2627 confabulemur.
1991 2574 2263 2627 Invenies
2291 2589 2387 2627 me
2415 2576 2479 2626 in
2514 2582 2597 2626 185

277 2646 677 2699 conservanda
695 2646 790 2698 vel
809 2662 913 2712 per
932 2646 1042 2699 has
1057 2649 1315 2699 amicitia
1328 2648 1573 2698 minime
1587 2646 1993 2712 negligentem.
2015 2646 2191 2698 Mitto
2204 2645 2308 2698 tibi
2319 2644 2478 2698 fasci-

278 2717 479 2770 culum
503 2718 824 2779 literarum,
852 2725 907 2770 et
926 2724 981 2770 te
1003 2718 1218 2771 obnixe
1239 2723 1509 2783 rogatum
1527 2717 1684 2778 volo,
1711 2724 1776 2770 ut
1800 2733 1905 2783 per
1925 2723 2147 2769 certum
2172 2716 2481 2769 hominem

278 2790 353 2841 ad
380 2789 713 2841 Dominum
739 2789 813 2842 D.
834 2789 1253 2842 THADEUM
1280 2789 1731 2842 HAGECIUM
1758 2789 2006 2854 Pragam
2031 2787 2163 2840 illas
2187 2787 2480 2840 transferri

277 2876 594 2925 procurare
607 2861 769 2913 velis,
786 2861 942 2913 Dedi
955 2861 1223 2914 PAULO
1234 2860 1628 2913 WITICHIO
1641 2876 1678 2913 a
1687 2860 1858 2913 nobis
1872 2859 2182 2912 discedenti
2197 2858 2480 2924 quasdam
2527 2875 2574 2911 35

278 2931 381 2996 ipfi
401 2934 578 2983 etiam
597 2932 927 2993 mittendaS,
955 2948 1103 2997 quas
1123 2938 1324 2984 tamen
1343 2935 1541 2984 minus
1561 2931 1809 2984 fideliter
1827 2932 2179 2996 procuravit,
2203 2936 2259 2983 et
2280 2929 2480 2982 multis

279 3002 410 3067 alijs
429 3005 627 3055 minus
647 3003 862 3055 fincere
882 3019 1118 3055 mecum
1132 3004 1292 3069 egisse
1309 3003 1466 3068 (cum
1480 3009 1681 3055 tamen
1693 3002 1980 3055 benevole
1993 3001 2167 3054 fuerit
2181 3000 2478 3067 exceptus)

280 3073 655 3138 deprehendi.
679 3074 836 3126 Cum
851 3077 1010 3126 enim
1023 3090 1175 3135 mea,
1198 3090 1333 3139 quae
1347 3074 1602 3127 nancisci
1614 3079 1856 3139 poterat,
1878 3073 2031 3126 clam
2045 3072 2358 3133 abstulisset,
2380 3072 2478 3125 ob-

278 3144 664 3209 servandique
684 3145 868 3197 fidera
887 3146 1091 3197 nostris
1105 3146 1497 3198 instrumentis
1511 3145 1862 3211 compendia
1876 3151 1930 3197 et
1944 3147 2201 3196 rationes
2214 3143 2479 3209 perspex-

279 3217 393 3268 isset
414 3215 650 3280 (quibus
670 3222 870 3268 tamen
889 3216 1203 3269 tractandis
1222 3220 1467 3269 minime
1482 3217 1732 3269 idoneus
1747 3222 1885 3277 erat,
1906 3231 2049 3268 nam
2062 3231 2138 3268 ne
2152 3230 2339 3268 unam
2353 3216 2478 3279 qui·
2527 3230 2575 3266 40

280 3287 417 3339 dem
436 3286 901 3339 observationem
918 3294 1020 3340 aut
1035 3288 1302 3341 Cometae
1322 3294 1425 3340 aut
1445 3288 1693 3340 alicuius
1712 3286 1905 3348 stellae,
1922 3287 2018 3339 vel
2037 3282 2058 3355 ΙΙ
2079 3287 2265 3339 Radio
2279 3285 2481 3338 saltem
2515 3293 2599 3338 186

281 3373 489 3423 capere
509 3358 595 3409 illi
614 3358 867 3422 possibile
889 3365 1027 3419 erat,
1049 3360 1270 3411 nedum
1284 3365 1347 3411 ut
1362 3359 1629 3411 Cometae
1650 3358 1982 3424 parallaxes
2002 3357 2479 3423 deprehenderet,
2528 3360 2557 3404 1·

2307 3433 2481 3492 prout
