2664 4030
111 1080 154 1115 10

111 1437 153 1472 15

104 2150 151 2185 25

91 2213 169 2256 11··

105 2506 152 2542 30

331 280 639 334 CAROL.
667 280 1110 334 DANZAEUS
1137 280 1258 333 AD
1284 280 1792 334 TYCHONEM
1820 282 1882 334 17
1909 281 2108 335 NOV.
2138 284 2283 336 1576
2350 283 2407 335 41

204 422 246 475 fi
270 422 472 485 literae,
500 439 648 489 quas
667 424 770 476 tibi
790 423 1379 485 BUCHANANUS,
1406 423 1736 476 serenissimi
1756 424 2065 477 Scotorum
2086 428 2235 491 regis
2255 426 2406 478 Prae-

205 501 419 559 ceptor,
446 511 606 548 nunc
631 495 835 554 scribit,
863 495 939 547 ad
959 496 1018 547 id
1038 511 1133 548 me
1156 511 1281 548 non
1305 495 1674 561 impulissent;
1703 498 1870 548 cuius
1895 511 2096 561 preces
2122 512 2407 563 magnum

204 566 364 630 apud
389 573 445 618 te
471 566 705 631 pondus
731 565 1036 619 habituras
1063 567 1166 619 esse
1191 566 1375 632 spero,
1403 582 1539 619 cum
1562 566 1660 619 ille
1680 567 1860 619 Poeta
1879 567 1942 619 fit
1963 566 2324 629 doclissimus,
2352 576 2408 621 et

203 635 543 702 Theologus
567 639 812 689 minime
832 637 1145 698 seditiosus,
1172 653 1281 690 nec
1301 638 1660 703 Reipublicae
1682 638 2067 703 perturbator,
2094 654 2203 692 nec
2230 643 2407 692 etiam

204 707 668 761 ARISTOTELI
687 711 942 761 nimium
962 706 1242 771 addictuS,
1264 725 1384 774 quo
1405 712 1584 762 etiam
1604 709 1848 774 quidam
1867 709 2256 775 Theologiam
2275 727 2406 776 pro-

202 778 432 831 fitentes
452 779 790 832 abutuntur.
819 780 1026 833 Scotus
1045 779 1144 832 ille
1164 780 1503 846 responsum
1521 779 1619 833 hic
1640 797 1678 833 a
1695 787 1751 833 te
1773 779 2112 846 expectabit,
2135 789 2189 834 et
2209 782 2407 835 literas

202 850 279 903 ad
308 850 534 903 aulicos
563 853 803 912 amicOS,
833 858 897 904 ut
925 853 1160 917 negotia
1187 851 1348 904 isthic
1376 855 1556 904 tutius
1587 859 1641 904 et
1668 851 1899 904 facilius
1929 852 2202 917 expedire
2231 855 2405 919 possit.

201 920 402 974 Postea
415 921 456 973 fi
469 922 650 983 voleS,
666 922 1195 976 BUCHANANO
1210 923 1502 976 rescribas.
1519 923 1612 975 De
1626 923 2045 976 Astronomicis
2059 925 2407 989 quibusdam

201 992 449 1045 libenter
473 1000 529 1045 te
556 994 800 1046 audiam
826 994 1202 1055 disserentem,
1230 995 1332 1047 ubi
1356 994 1526 1047 fimul
1545 994 1908 1048 affuerimus.
1936 996 2098 1048 Nam
2117 995 2406 1049 Theorias

202 1063 582 1116 Planetarum
602 1065 922 1126 revolvere,
945 1071 1001 1118 et
1018 1065 1268 1118 faciliori
1282 1082 1320 1119 a
1332 1072 1388 1118 te
1403 1069 1728 1131 excogitata
1742 1066 2032 1119 Methodo
2046 1066 2260 1119 discere
2277 1068 2404 1132 plu-

201 1137 421 1187 rimum
434 1151 601 1188 aveo,
614 1136 989 1202 Astrologica,
1003 1137 1216 1202 quibus
1229 1143 1294 1189 tu
1306 1137 1609 1190 moderate
1623 1140 1819 1199 uteriS,
1834 1153 1943 1190 nec
1957 1140 2211 1191 nimium
2223 1138 2406 1203 (quod

200 1205 405 1271 laudo)
425 1209 496 1273 ijs
508 1207 730 1268 tribuiS,
751 1223 876 1260 non
888 1207 1061 1260 valde
1074 1210 1345 1272 vitupero
1366 1208 1622 1273 quidem,
1642 1208 1739 1261 sed
1758 1224 1953 1273 neque
1974 1209 2299 1262 admodum
2317 1210 2405 1262 su-

200 1277 395 1342 spicio,
427 1285 492 1331 ut
522 1279 694 1331 multi
725 1279 874 1332 alias
899 1278 1099 1339 solent,
1129 1279 1413 1344 liquidem
1439 1295 1477 1331 a
1502 1279 1768 1332 Domino
1796 1280 2146 1333 CALVINO
2174 1281 2318 1333 olim
2342 1284 2406 1333 in

200 1349 294 1401 his
319 1349 649 1402 absterritus
673 1350 818 1411 sum,
845 1365 981 1402 cum
1000 1350 1343 1416 Argentinae
1369 1350 1539 1402 fimul
1565 1351 1821 1411 essemUS,
1849 1351 2090 1415 quando
2119 1351 2233 1404 istis
2260 1355 2404 1405 vati-

203 1423 370 1487 cinijs
391 1421 715 1474 admodum
735 1420 999 1474 addictus
1018 1420 1254 1473 fuissem.
1283 1421 1527 1474 Habent
1547 1424 1707 1473 enim
1726 1421 1920 1474 nescio
1941 1422 2099 1487 quid,
2121 1423 2280 1488 quod
2301 1423 2405 1475 ho-

199 1494 426 1544 minem
443 1492 621 1545 trahit
641 1492 717 1545 ad
736 1492 809 1553 se,
836 1498 900 1544 ut
925 1494 997 1557 ijs
1023 1494 1277 1545 nimium
1300 1492 1602 1545 adhaereat
1623 1499 1679 1545 et
1697 1492 1856 1545 fidat.
1884 1493 1939 1545 Is
1960 1496 2136 1555 enim,
2168 1510 2303 1546 cum
2322 1497 2405 1546 vi-

200 1563 370 1624 disset‚
397 1579 493 1616 me
521 1579 593 1616 eo
621 1563 977 1616 credulitatis
1002 1566 1066 1616 in
1091 1562 1245 1616 hisce
1271 1562 1751 1629 praedictionibus
1770 1565 2101 1630 pervenisse,
2129 1571 2193 1617 ut
2212 1565 2285 1617 de
2307 1566 2404 1618 ad-

199 1634 423 1700 ulterijs
453 1637 631 1687 etiam
658 1634 978 1687 mulierum
1006 1634 1145 1688 hinc
1175 1635 1484 1696 nonnulla,
1519 1651 1672 1700 quae,
1702 1642 1766 1687 ut
1792 1635 1980 1688 fatear
2009 1636 2168 1701 quod
2196 1651 2406 1688 verum

201 1705 292 1767 est,
321 1721 458 1758 raro
485 1705 659 1759 falsos
686 1705 1003 1759 habuerint
1029 1713 1291 1769 eventuS,
1320 1707 1640 1772 praedicere
1669 1723 1765 1759 me
1794 1708 1944 1772 posse
1973 1705 2268 1769 iadtarem,
2298 1724 2405 1773 pro

199 1776 303 1830 sua
323 1780 634 1830 autoritate
655 1783 711 1830 et
729 1780 894 1843 gravi
911 1778 1131 1831 iudicio
1151 1793 1248 1830 me
1267 1780 1606 1843 increpavit,
1629 1785 1684 1831 et
1702 1778 1859 1831 male
1875 1778 2024 1830 mihi
2038 1781 2298 1831 minatus
2313 1779 2403 1840 est,

198 1847 241 1900 fi
266 1848 367 1901 ista
388 1864 512 1901 non
538 1849 952 1914 relinquerem.
981 1849 1182 1914 Quare
1210 1865 1347 1902 cum
1374 1865 1511 1902 eum
1537 1849 1899 1914 suspicerem,
1926 1856 2103 1915 atque
2129 1852 2193 1902 in
2217 1853 2404 1915 pretio

198 1919 498 1982 haberem,
518 1935 873 1986 mecumque
894 1920 1299 1974 STURMIUS
1314 1921 1639 1986 plurimum
1653 1921 1769 1973 illis
1782 1921 2076 1982 tribueret,
2090 1937 2215 1973 non
2229 1921 2404 1974 ausus

198 1990 327 2044 sum
345 1991 488 2045 talia
506 1991 752 2045 ulterius
771 1992 919 2045 serio
940 1994 1238 2059 attingere.
1265 1992 1676 2045 Astronomica
1693 1998 1895 2045 tamen
1914 1992 2140 2057 semper
2164 1992 2404 2057 plurimi

199 2062 498 2125 aestimavi,
537 2070 715 2128 atque
747 2067 833 2116 uti
863 2070 1180 2126 merentur,
1218 2064 1548 2129 magnifeci‚
1585 2070 1640 2116 et
1673 2067 2000 2116 etiamnum
2030 2064 2402 2129 magnifacio.

201 2133 402 2198 Quare
422 2137 486 2187 in
504 2137 576 2201 ijs
596 2134 800 2199 aliqua
820 2138 998 2187 etiam
1014 2135 1128 2187 hac
1140 2135 1528 2187 invalescente
1543 2141 1714 2187 aetate
1729 2135 1801 2188 de
1814 2141 2174 2200 praeceptore
2189 2135 2402 2187 discere

199 2205 524 2270 plurimum
538 2201 863 2274 defi-fldem,
878 2206 1039 2271 quod
1057 2212 1112 2259 et
1124 2212 1180 2258 te
1193 2205 1342 2258 mihi
1356 2222 1481 2259 non
1495 2206 1921 2272 denegaturum
1933 2205 2114 2271 sper0.
2125 2206 2290 2267 Vale,
2299 2206 2404 2258 Vir

199 2279 587 2342 integerrime,
615 2283 670 2329 et
688 2292 802 2337 me,
830 2277 990 2342 quod
1009 2277 1183 2342 plura
1201 2293 1326 2329 non
1344 2277 1606 2338 scribam,
1632 2277 1970 2330 excusatum
1989 2275 2159 2338 habe,
2188 2277 2401 2330 Urani-

200 2363 418 2413 amque
437 2355 604 2400 tuam
622 2350 772 2400 meis
784 2348 978 2401 verbis
991 2354 1325 2401 reverenter
1338 2348 1540 2402 saluta.
1562 2347 1830 2401 Haffniae
1847 2349 1920 2401 17.
1936 2348 2030 2401 die
2045 2348 2403 2401 Novembris

199 2419 382 2471 Anno
403 2419 547 2473 1576.

1382 2490 1514 2544 Tibi
1534 2490 1905 2543 deditissimus

1570 2561 1892 2615 CAROLUS
1918 2561 2257 2615 DANZEUS.
