2644 4030
85 1112 127 1147 10

85 1467 128 1502 1⁵

82 1823 128 1859 20

82 2180 129 2215 25

85 2893 131 2928 35

86 3256 134 3291 40

460 311 764 366 TYCHO
791 311 914 364 AD
941 311 1415 365 CASPARUM
1441 311 1922 365 PEUCERUM
1949 311 2095 365 1590
2283 312 2376 365 231

177 453 609 519 astipulandum
635 453 858 507 cense0.
886 453 1050 518 Quin
1075 457 1270 520 potius
1296 454 1576 519 quicquid
1598 453 1820 520 Phylici
1841 453 1916 507 ab
1935 453 2049 507 hoc
2069 454 2376 507 Elemento

176 541 284 591 pro
314 525 730 591 compofitione
760 533 816 578 et
844 525 1285 578 conservatione
1313 541 1513 578 rerum
1540 525 1889 578 inferiorum
1916 534 2113 590 petere
2138 525 2376 586 soleant,

176 596 236 649 id
256 612 364 662 ego
384 612 422 649 a
441 596 803 658 CoeleltibuS,
830 597 953 662 ipso
978 597 1296 662 praesertim
1318 597 1470 658 Sole,
1491 596 1727 650 vivifico
1748 596 1943 649 calore
1964 599 2168 650 omnia
2189 598 2376 650 imbu-

178 674 327 727 ente,
348 683 704 732 promanare
725 669 938 721 iudico.

247 738 519 791 Alterum
541 754 683 791 vero
710 739 870 804 quod
895 754 1083 805 urgeS,
1111 739 1186 792 est
1211 740 1284 792 de
1310 741 1481 804 aquis
1502 738 1864 799 CoelestibuS‚
1892 754 2040 804 quas
2068 754 2140 791 ex
2165 739 2378 792 literali

177 810 438 875 quodam
459 810 772 875 Scripturae
791 809 974 871 sensu,
999 810 1172 875 supra
1194 813 1412 863 extima
1432 810 1590 864 Coeli
1612 812 1840 863 moenia
1860 810 2110 862 evehere
2130 826 2254 863 non
2273 810 2376 862 du·

175 881 342 934 bitas.
372 881 583 933 Fateor
608 882 849 946 quidem
875 897 948 934 ex
972 883 1165 934 verbis
1191 881 1431 935 MOSIS
1457 884 1520 933 in
1545 884 1834 946 principio
1862 881 2162 934 Geneseos
2187 884 2379 947 prima

175 951 235 1004 id
253 951 444 1004 fronte
466 952 879 1017 quadantenus
897 968 1198 1018 apparere.
1219 954 1299 1005 At
1312 953 1353 1004 fi
1367 956 1499 1018 quis
1512 955 1768 1018 penitius
1783 959 1837 1004 et
1850 955 2176 1018 genuinum
2190 953 2377 1018 Scrip-

174 1030 324 1076 turae
338 1022 698 1077 intellectum
712 1031 767 1076 et
781 1027 866 1076 rei
882 1032 1159 1077 naturam
1179 1024 1549 1089 introspiciat,
1571 1023 1676 1075 nifi
1697 1027 1944 1076 omnino
1964 1032 2378 1090 praeoccupato

175 1094 239 1147 fit
264 1094 500 1156 iudicio,
527 1095 702 1160 longe
721 1095 781 1147 id
800 1095 962 1148 secus
981 1094 1037 1147 se
1057 1095 1276 1148 habere
1298 1095 1594 1161 intelliget.
1621 1095 1818 1147 Primo
1837 1096 2161 1147 tenendum
2183 1095 2257 1147 est
2276 1111 2377 1147 vo-

176 1181 305 1218 cem
323 1174 426 1225 ΣῬᾏ
447 1166 652 1231 (quam
673 1166 1063 1219 CASTALIO
1083 1181 1208 1218 non
1227 1169 1422 1231 inepte
1445 1166 1754 1231 liquidum,
1781 1166 1879 1232 alij
1910 1166 2233 1232 expansum
2251 1182 2377 1219 ver-

174 1237 392 1301 terunt)
419 1253 543 1290 non
570 1238 781 1290 eodem
806 1237 1026 1303 ubique
1051 1237 1217 1290 sensu
1244 1240 1308 1289 in
1336 1240 1650 1290 creationis
1677 1237 1914 1289 historia
1942 1237 2316 1290 describenda
2341 1253 2379 1290 a

177 1309 397 1362 MOSE
416 1309 682 1374 intelligi;
702 1308 798 1361 sed
818 1309 966 1361 alias
985 1309 1333 1374 generaliter
1347 1315 1402 1360 et
1414 1308 1607 1369 latim,
1627 1315 1816 1360 toturn
1835 1308 1948 1361 hoc
1968 1309 2261 1373 liquidum
2279 1309 2380 1361 seu

177 1380 516 1445 expansum,
544 1380 703 1445 quod
724 1395 762 1432 a
779 1380 979 1441 Terra,
1006 1381 1083 1432 ad
1107 1380 1337 1432 summa
1361 1379 1544 1444 usque
1565 1379 1722 1432 Coeli
1745 1379 2007 1432 cuimina
2028 1380 2084 1431 se
2106 1381 2377 1442 extendit,

176 1454 263 1503 uti
287 1451 406 1516 ipse
432 1467 671 1516 quoque
696 1452 939 1512 indicas,
966 1452 1220 1511 denotat,
1248 1451 1396 1503 alias
1422 1466 1530 1516 pro
1555 1450 1735 1502 huius
1760 1458 1925 1516 parte
1950 1457 2181 1503 tantum
2201 1452 2379 1516 idque

176 1523 271 1575 vel
298 1522 611 1588 superiore,
642 1537 778 1587 quae
806 1522 1004 1575 lucida
1030 1522 1302 1575 Siderum
1326 1524 1390 1574 in
1415 1522 1470 1574 se
1501 1537 1751 1587 corpora
1780 1524 2055 1583 continet,
2084 1523 2381 1575 interdum

175 1608 318 1646 vero
344 1609 452 1659 pro
477 1593 755 1646 inferiore
778 1593 892 1646 hac
913 1593 1122 1658 liquidi
1141 1596 1396 1659 regione,
1425 1609 1561 1658 quae
1582 1593 1827 1645 Terram
1845 1596 2114 1658 proxime
2135 1596 2378 1646 circum-

176 1665 325 1717 dans
349 1664 616 1730 visuique
641 1664 835 1717 nostro
861 1667 1048 1731 magis
1073 1665 1371 1730 patescens
1397 1666 1474 1717 ad
1500 1667 1719 1717 extima
1747 1664 1881 1729 plus
1905 1667 2104 1717 minus
2129 1666 2380 1717 nubium

177 1739 489 1789 cacumina
501 1736 615 1789 sese
630 1737 904 1797 extendit,
925 1739 1223 1802 accipitur.
1246 1736 1384 1800 Quo
1399 1737 1640 1801 quidem
1653 1736 1819 1788 sensu
1834 1736 1991 1789 Coeli
2003 1736 2379 1798 vocabulum,

176 1811 240 1859 in
259 1807 557 1873 Scriptura
577 1808 797 1869 crebrO,
824 1811 910 1860 uti
936 1814 991 1860 et
1015 1807 1130 1860 hoc
1155 1808 1304 1869 loc0‚
1331 1807 1686 1873 intelligitur,
1714 1823 1850 1860 cum
1873 1823 1945 1860 ea
1970 1808 2047 1860 ad
2072 1808 2381 1860 rudiorum

176 1879 492 1932 hominum
518 1887 771 1945 captum,
799 1882 902 1944 qui
927 1879 1094 1932 illam
1119 1879 1405 1932 duntaxat
1426 1879 1662 1944 expansi
1684 1885 1928 1944 partem,
1956 1894 2092 1944 quae
2111 1881 2380 1944 proxime

176 1949 376 2003 Terrae
397 1966 665 2003 convexo
690 1951 991 2012 incumbit,
1020 1951 1177 2003 Coeli
1202 1954 1447 2003 nomine
1474 1950 1791 2015 appellant,
1817 1950 1931 2002 sese
1957 1951 2379 2003 accommodet.

178 2021 380 2085 Quare
395 2037 532 2075 cum
546 2022 809 2075 MOSES
829 2021 986 2075 hanc
1006 2022 1340 2075 Creationis
1359 2021 1659 2074 historiam
1679 2022 1812 2074 rudi
1827 2028 1882 2073 et
1895 2021 2136 2086 simplici
2149 2028 2380 2074 tantum

177 2093 417 2158 popu10‚
443 2109 568 2146 non
588 2093 1032 2146 Mathematicae
1052 2100 1155 2146 aut
1174 2093 1430 2159 Phyficae
1452 2092 1705 2145 scientiae
1730 2095 1944 2158 gnariS‚
1972 2092 2379 2159 conscripserit,

179 2179 368 2229 eaque
395 2165 682 2217 duntaxat
706 2180 842 2229 quae
868 2167 932 2216 in
957 2164 1162 2217 oculos
1188 2164 1504 2216 hominum
1528 2167 1850 2225 incurrunt,
1877 2180 2001 2216 non
2027 2179 2164 2229 quae
2189 2163 2379 2216 invifi-

177 2235 320 2288 bilia
339 2243 442 2288 aut
461 2236 797 2288 abscondita
816 2236 962 2297 sunt,
987 2236 1342 2302 exponenda
1360 2235 1680 2301 susceperit,
1703 2239 1834 2300 quis
1854 2251 1978 2288 non
1996 2236 2194 2288 videat
2211 2235 2380 2288 illum

114 2324 130 2343 r
178 2322 283 2372 per
310 2322 498 2372 aquas
527 2307 825 2367 Coelestes,
854 2307 1042 2359 nubes
1071 2306 1338 2372 aquosaS,
1369 2322 1504 2372 quae
1533 2306 1781 2372 superne
1811 2306 2096 2372 capitibus
2125 2302 2147 2375 ΙΙ
2176 2306 2381 2359 nostris

178 2381 489 2431 imminent
502 2386 679 2443 atque
693 2378 847 2431 infra
860 2378 916 2430 se
929 2385 1158 2444 partem
1170 2378 1328 2430 illius
1343 2377 1579 2443 expanfi
1593 2378 1693 2430 seu
1706 2378 1931 2443 liquidi,
1947 2378 2106 2443 quod
2121 2378 2194 2431 ab
2210 2381 2380 2443 aquis

178 2452 360 2502 maris
389 2465 490 2502 eas
519 2450 802 2511 discernit,
831 2465 955 2502 non
983 2449 1332 2502 immensam
1361 2449 1626 2514 aliquam
1654 2449 1942 2502 universae
1971 2449 2127 2502 Coeli
2155 2452 2381 2515 regioni

179 2520 589 2573 circumfusam
609 2536 903 2587 aquarum
922 2521 1144 2573 molem
1164 2519 1552 2573 intellexisse?¹

251 2591 416 2655 Quin
441 2599 496 2644 et
520 2592 874 2657 sequeretur,
901 2599 1004 2645 aut
1028 2592 1282 2658 triplices
1302 2608 1339 2645 a
1359 2592 1493 2644 Deo
1514 2598 1738 2644 creatas
1757 2591 1913 2644 suisse
1934 2607 2138 2657 aquaS,
2165 2607 2380 2656 nempe

178 2666 375 2724 maris,
396 2664 648 2716 nubium
668 2671 723 2716 et
741 2663 1219 2729 supercoelestem,
1241 2679 1496 2728 quarum
1515 2671 1716 2715 tamen
1734 2663 1948 2724 media,
1968 2663 2218 2715 nubium
2238 2663 2380 2715 scili-

180 2743 283 2796 cet,
305 2750 343 2787 a
362 2734 582 2787 MOSE
602 2733 866 2800 negledta
884 2734 963 2795 fit,
990 2742 1093 2788 aut
1117 2735 1287 2787 binas
1312 2734 1531 2795 saltem,
1559 2742 1759 2800 utpote
1785 2737 2081 2786 marinam
2108 2742 2163 2786 et
2187 2733 2380 2799 super-

181 2805 469 2858 coelestem
483 2806 665 2867 illam,
677 2808 749 2859 de
762 2806 975 2871 quibus
988 2807 1272 2859 duntaxat
1282 2808 1346 2858 in
1357 2821 1556 2858 rerum
1568 2813 1900 2858 creatarum
1910 2805 2148 2858 historia
2157 2808 2380 2857 mentio

179 2875 332 2930 facia
352 2877 442 2930 est.
470 2879 549 2930 At
569 2880 700 2942 quis
720 2877 1107 2930 fidelissimum
1133 2877 1303 2930 illum
1321 2877 1632 2929 visibilium
1653 2884 2055 2929 creaturarum
2076 2876 2379 2941 descripto-

180 2963 305 3000 rem
331 2948 612 3002 MOSEN
638 2957 761 3002 tam
787 2949 1126 3001 oscitantem
1150 2952 1214 3001 in
1238 2948 1604 3001 mirabilibus
1631 2948 1746 3000 Dei
1767 2949 2042 3013 operibus
2062 2947 2381 3000 referendis

179 3018 336 3072 fuisse
363 3020 658 3081 existimet,
685 3028 749 3072 ut
774 3021 1026 3073 nubium
1052 3035 1240 3085 aquas
1265 3028 1387 3073 tam
1413 3019 1532 3072 alto
1553 3019 1778 3071 silentio
1800 3018 2044 3072 intactas
2063 3019 2379 3084 reliquerit,

253 3161 265 3186 ¹
286 3159 552 3197 Vocabulum
572 3160 681 3197 Coeli
700 3161 932 3206 promiscue
952 3160 1153 3206 accipitur
1171 3164 1256 3196 tam
1277 3160 1329 3196 de
1349 3159 1470 3196 aerea
1490 3170 1618 3206 quam
1638 3160 1819 3196 aetherea
1837 3159 1991 3195 Mundi
2006 3159 2200 3205 Regione.
2222 3159 2381 3196 Idcirco

181 3206 226 3243 in
246 3207 377 3243 dubio
396 3207 461 3248 est,
482 3211 621 3244 utrum
642 3219 764 3254 aquae
784 3209 868 3244 illae
889 3208 1073 3245 coelestes
1094 3209 1145 3244 de
1166 3207 1353 3244 nubibus
1374 3208 1539 3254 aquosis
1554 3207 1598 3243 in
1613 3207 1706 3244 aete
1720 3207 1814 3243 tatis
1829 3207 2073 3244 miraculose
2087 3207 2380 3252 pendentibus,

182 3265 237 3290 an
256 3266 356 3291 vero
376 3255 428 3291 de
449 3266 559 3302 aqua
579 3256 668 3291 ulla
686 3255 960 3301 supercoelesti
981 3255 1239 3301 accipiendae
1259 3255 1440 3291 veniant.
1470 3256 1550 3291 Sed
1574 3255 1687 3300 prior
1711 3255 1910 3291 sententia
1935 3254 2195 3300 plaufibilior
2220 3254 2274 3290 est
2296 3258 2334 3290 et
2358 3265 2382 3290 a

180 3302 375 3347 plurimis
394 3303 728 3347 praestantissimis
749 3303 988 3349 Theologis.
1010 3306 1055 3339 ut
1076 3303 1266 3348 Philippo
1289 3303 1491 3338 Melanth.
1511 3303 1690 3338 Luthero
1711 3305 1749 3338 et
1769 3302 1863 3346 alijs
1884 3305 2095 3348 acceptata
2115 3302 2202 3338 fuit.
2226 3302 2288 3338 Est
2308 3302 2380 3338 ita-

182 3361 264 3395 que
286 3350 567 3386 Hebraismus
587 3350 773 3396 quidam,
794 3351 867 3386 ubi
888 3351 1097 3396 Scriptura
1117 3350 1302 3396 loquitur
1323 3351 1374 3386 de
1395 3350 1516 3396 aquis
1537 3353 1576 3386 et
1595 3350 1839 3386 volucribus
1854 3350 1974 3390 coeli,
1995 3361 2043 3386 ac
2064 3350 2092 3385 fi
2113 3350 2208 3395 quis
2229 3349 2382 3386 diceret

185 3397 278 3432 »rub
299 3397 456 3439 Coelo«,
476 3397 602 3443 idque
623 3409 696 3443 per
714 3398 1038 3444 synechdochen
1057 3399 1124 3434 vel
1145 3397 1447 3444 metonymiam
1468 3398 1683 3443 quandam
1703 3397 1884 3434 excusari
1903 3397 2041 3443 potest.

2222 3446 2381 3511 quod
