2644 4030
270 303 375 357 232
802 300 1241 354 EPISTOLAE
1265 295 1933 354 ASTRONOMICAE

270 444 429 510 quod
450 458 656 496 earum
675 458 751 495 ne
770 442 949 494 semel
969 444 1120 495 inter
1139 441 1369 506 reliqua
1387 441 1673 495 sensibilia
1691 441 1807 495 Dei
1828 444 2343 507 operamemim'sse
2362 460 2463 497 vo-

269 516 456 575 luerit,
484 529 621 567 cum
645 520 846 567 tamen
870 528 995 565 non
1019 528 1233 578 parum
1252 513 1659 566 admirationis
1679 512 1911 574 habeat,
1938 529 2039 566 eas
2058 514 2177 566 fine
2195 514 2382 567 fulcro
2402 518 2465 568 in

268 586 493 650 liquido
520 588 656 638 aere
681 590 804 637 tam
829 583 1072 637 firmiter
1097 584 1353 649 pendere
1379 583 1595 649 absque
1620 587 1811 637 ruinae
1840 585 2118 649 periculo,
2149 592 2204 638 et
2231 585 2466 651 insuper

268 657 651 721 multiplicem
665 659 728 707 in
740 663 894 708 terra
907 655 1205 720 irriganda
1219 662 1273 707 et
1286 654 1687 707 foecundanda
1700 655 2009 708 utilitatem
2019 655 2464 718 subministrare,

269 743 450 793 quam
469 726 744 780 homines
762 726 895 791 plus
916 741 1099 790 quam
1117 729 1331 778 caetera
1350 725 1453 778 illa
1472 726 1699 787 altiora,
1720 733 1897 791 atque
1918 742 1955 779 a
1974 728 2320 792 quotidiano
2340 727 2463 790 usu,
2514 746 2536 781 ⁵

267 806 441 864 prout
469 798 584 851 illis
612 797 859 859 videtur,
891 800 1211 850 remotiora
1238 799 1425 862 magis
1453 797 1739 851 aestimant
1767 804 1944 862 atque
1973 798 2299 863 respiciunt.
2332 798 2466 854 Has

267 873 515 935 inquam
543 868 894 933 aquofitates
923 868 1248 934 neglexisset
1278 868 1539 921 MOSES
1572 875 1627 921 et
1657 871 1892 921 interim
1923 869 1996 921 de
2027 869 2220 922 nescio
2252 871 2466 935 quibus

267 940 779 1006 supercoelestibus,
810 955 946 1004 quae
975 955 1084 992 nec
1108 938 1362 992 sensibus
1390 946 1591 1004 patent
1616 954 1725 991 nec
1750 939 1921 992 usum
1946 940 2279 993 evidentem
2304 940 2465 994 exhi-

266 1013 420 1073 bent,
440 1012 872 1077 supervacanee
892 1011 1175 1075 loquutus
1194 1010 1383 1063 fuerit.
1405 1010 1632 1064 Revera
1646 1014 1847 1075 itaque
1865 1010 2146 1064 MOSEN
2165 1027 2270 1076 per
2289 1014 2466 1078 gemi-

267 1098 376 1136 nas
395 1083 525 1136 istas
546 1097 695 1147 quas
715 1082 955 1135 denotat
979 1097 1184 1146 aquaS‚
1210 1081 1509 1134 interstitio
1533 1081 1891 1135 firmamenti
1917 1082 2143 1143 divisaS‚
2170 1086 2467 1136 marinam
2519 1101 2562 1136 ιο

267 1154 476 1207 scilicet
494 1154 835 1207 inferiorem
855 1160 910 1206 et
928 1153 1180 1206 nubium
1200 1155 1327 1205 eius
1347 1153 1550 1218 aliqua
1572 1160 1736 1218 parte
1760 1153 2121 1218 superiorem
2145 1154 2467 1220 intelligere

266 1226 482 1278 necesse
503 1225 593 1278 est.
615 1226 777 1278 Nam
791 1232 847 1278 et
859 1224 932 1277 fic
952 1232 1054 1283 ἔην)
1073 1224 1188 1277 five
1204 1224 1542 1289 expansum,
1558 1224 1718 1289 quod
1733 1224 2122 1277 CASTALIO
2138 1234 2467 1290 opportune

267 1300 352 1349 uti
373 1298 493 1350 dixi
510 1297 804 1362 liquidum
816 1303 1004 1358 vocat,
1026 1295 1293 1349 discernit
1311 1311 1500 1361 aquas
1520 1296 1594 1349 ab
1614 1298 1801 1361 aquiS,
1822 1294 1932 1348 has
1953 1295 2213 1361 quadam
2231 1295 2317 1349 sui
2336 1312 2466 1362 por-

266 1371 427 1421 tione
439 1368 827 1426 intercedens:
849 1383 1043 1432 neque
1059 1370 1219 1420 enim
1234 1367 1496 1421 MOSES
1511 1368 1760 1432 expresse
1775 1368 1918 1420 dixit
1931 1373 2121 1420 totum
2140 1374 2242 1427 2³52]
2262 1367 2467 1434 disgre-

267 1455 404 1505 gare
431 1455 619 1505 aquas
645 1440 719 1492 ab
746 1442 934 1504 aquiS,
962 1446 1027 1491 ut
1051 1445 1115 1491 tu
1142 1438 1319 1503 ipfius
1345 1438 1574 1492 sensum
1599 1441 1831 1503 accipis,
1861 1439 1990 1491 Imo
2017 1446 2072 1491 et
2096 1441 2147 1491 is
2171 1438 2467 1505 semetipse
2520 1456 2562 1492 1⁵

269 1511 520 1576 explicat
539 1510 693 1564 Gen.
714 1510 764 1572 9,
791 1510 934 1563 dum
953 1513 1035 1563 ait
1055 1510 1255 1563 Deum
1273 1512 1337 1562 in
1356 1510 1613 1563 nubibus
1638 1509 1875 1575 posuisse
1902 1525 2109 1562 arcum
2132 1513 2197 1563 in
2220 1510 2467 1563 testimo-

268 1585 453 1644 nium,
474 1582 634 1647 quod
654 1597 828 1647 aquae
849 1597 974 1634 non
993 1581 1249 1646 amplius
1267 1584 1331 1634 in
1344 1581 1663 1634 Terrarum
1682 1581 1974 1633 diluvium
1992 1588 2259 1635 venturae
2280 1582 2466 1635 essent.

270 1653 436 1718 Quas
457 1656 615 1706 enim
636 1653 733 1705 hic
753 1668 957 1717 aquaS,
978 1652 1084 1705 nifi
1101 1652 1291 1705 nubes
1307 1652 1504 1718 signat,
1520 1668 1551 1705 e
1567 1653 1780 1717 quibus
1794 1653 2143 1718 potissimum
2155 1652 2467 1706 inundatio

267 1725 629 1789 temporibus
655 1724 823 1777 NOE
848 1724 1154 1785 acciderat,
1184 1731 1361 1788 atque
1387 1723 1525 1776 hinc
1552 1722 1870 1777 cataractas
1898 1723 2055 1777 Coeli
2079 1724 2194 1777 five
2219 1730 2467 1785 meatuS,

269 1811 404 1861 quae
424 1803 564 1848 tunc
583 1795 1013 1860 aperiebantur,
1033 1811 1158 1848 non
1173 1802 1336 1848 extra
1349 1795 1630 1848 Fixarum
1644 1795 1863 1855 orbem.
1883 1798 1970 1848 uti
1982 1802 2047 1847 tu
2059 1797 2165 1857 vis,
2185 1794 2467 1861 petendas
2516 1811 2563 1847 20

268 1868 372 1920 esse
397 1867 596 1932 liquet.
624 1867 712 1918 Ex
738 1866 1139 1919 IERHEMIA
1164 1866 1399 1931 insuper
1425 1882 1549 1932 cap.
1571 1867 1629 1918 10
1655 1874 1711 1918 et
1736 1867 1809 1927 51,
1835 1867 1937 1919 ubi
1961 1866 2263 1931 sequentia
2286 1866 2469 1919 verba

268 1938 579 2002 utrobique
604 1937 919 1990 habentur:
953 1936 1107 2002 »Qui
1129 1936 1285 1991 fecit
1308 1938 1561 1991 Terram
1585 1936 1816 1990 virtute
1831 1935 1964 2004 sua,
1984 1934 2231 2005 stabilijt
2253 1937 2467 1990 orbem

267 2007 669 2062 habitabilem
690 2007 1002 2075 sapientia
1022 2006 1155 2074 sua,
1191 2010 1256 2062 et
1273 2007 1611 2075 prudentia
1632 2006 1750 2074 sua
1779 2007 2061 2062 extendit
2089 2008 2310 2071 CoeIos,
2347 2022 2468 2075 quo

270 2094 491 2133 vocem
501 2078 682 2147 suam
704 2081 943 2142 edente,
970 2079 1264 2133 fremitus
1285 2094 1590 2147 aquarum
1611 2077 1695 2145 est
1708 2079 1775 2132 in
1802 2078 2006 2142 Coelis,
2035 2079 2142 2147 qui
2159 2078 2344 2134 effert
2361 2093 2466 2132 va-

261 2166 456 2219 pores
474 2151 551 2204 ab
567 2151 964 2205 extremitate
987 2152 1210 2214 Terrae,
1232 2150 1490 2219 fulgura
1508 2165 1653 2204 cum
1671 2149 1803 2218 ipsa
1818 2152 1929 2218 pIu
1936 2150 2039 2204 via
2058 2149 2227 2213 facit,
2249 2153 2316 2204 et
2324 2164 2467 2218 pro·
2515 2167 2562 2203 25

269 2222 439 2276 ducit
452 2224 707 2277 ventum
721 2237 758 2276 e
774 2219 1084 2288 thesauris
1094 2221 1284 2289 suis«,
1306 2222 1556 2288 idipsum
1575 2222 1772 2275 adhuc
1790 2221 2150 2275 manifestius
2164 2222 2466 2288 colligitur.

267 2294 429 2347 Hinc
456 2297 673 2346 etenim
697 2295 924 2359 liquido
949 2302 1123 2360 patet,
1151 2309 1339 2359 aquas
1364 2294 1497 2347 illas
1525 2293 1802 2347 Coelestes
1827 2297 1891 2346 in
1916 2309 1989 2346 ea
2011 2296 2166 2347 aeris
2192 2293 2467 2359 Regione,

267 2366 426 2418 unde
452 2365 657 2426 nubeS,
683 2365 917 2431 fulgura
943 2372 998 2418 et
1022 2365 1228 2431 pluvia
1251 2365 1674 2430 producuntur,
1699 2365 2107 2432 intelligendas
2130 2371 2307 2430 atque
2330 2380 2468 2418 ean-

268 2436 403 2489 dem
421 2452 530 2502 pro
551 2437 725 2490 Coelo
745 2439 947 2502 accipi.

337 2508 628 2560 Praeterea
661 2511 926 2561 maxima
958 2523 1030 2560 ex
1062 2511 1234 2573 aquis
1267 2507 1768 2573 supracoelestibus
1803 2508 2071 2561 concessis
2105 2506 2355 2560 absurda
2386 2506 2467 2560 se·
2516 2523 2563 2559 30

268 2587 545 2644 quuntur.
573 2580 735 2632 Nam
753 2579 795 2632 fi
815 2579 954 2632 ullae
982 2579 1266 2632 eiusmodi
1291 2595 1466 2644 aquae
1489 2579 1607 2632 illic
1631 2579 1887 2640 existant,
1915 2594 2051 2644 quae
2072 2581 2291 2632 extima
2310 2577 2468 2631 Coeli

266 2651 496 2703 theatra
525 2651 629 2704 suo
662 2654 1121 2716 circumquaque
1154 2650 1380 2703 ambitu
1411 2650 1715 2704 includant
1748 2658 1802 2703 et
1834 2648 2309 2716 complectantur,
2345 2650 2469 2703 una

267 2722 363 2774 vel
385 2729 741 2775 moveantur
766 2723 862 2775 vel
888 2722 1185 2787 quiescant
1209 2723 1425 2775 necesse
1453 2721 1563 2774 est?
1592 2722 1653 2775 Si
1678 2725 1941 2774 immotae
1970 2727 2335 2786 permanent,
2365 2726 2468 2774 aut

267 2794 679 2857 rapidissimam
709 2794 869 2847 Coeli
898 2796 1263 2860 gyrationem
1299 2794 1643 2857 impediunt,
1677 2800 1781 2846 aut
1815 2792 2103 2858 oportebit
2136 2794 2467 2845 maximum

269 2865 373 2916 esse
398 2865 762 2918 interstitium
786 2867 938 2917 inter
963 2872 1193 2917 motum
1219 2871 1275 2917 et
1300 2864 1617 2929 quiescenS‚
1644 2872 1709 2917 ut
1734 2865 2117 2928 rapidissimus
2141 2863 2242 2916 ille
2269 2862 2466 2915 cursus
2515 2878 2562 2914 35

267 2934 562 2988 successive
575 2939 639 2988 in
654 2939 912 3001 quietem
931 2936 1166 2988 definat.
1188 2935 1547 2988 Immensum
1566 2938 1764 3000 itaque
1782 2935 2033 3000 spatium
2051 2934 2221 2987 stellis
2240 2933 2466 2987 destitu-

268 3013 395 3058 tum
424 3007 692 3072 nullique
723 3007 853 3059 usui
885 3007 1338 3060 accommodum
1369 3007 1641 3072 relinqui,
1673 3007 1835 3071 quod
1865 3007 2290 3059 inconveniens
2323 3005 2466 3065 esset,

270 3078 572 3142 oportebit.
599 3080 678 3130 At
703 3078 745 3130 fi
769 3079 894 3130 una
918 3094 1054 3131 cum
1076 3078 1249 3131 Coelo
1270 3078 1698 3131 convolventur
1723 3077 1840 3130 istae
1867 3093 2059 3142 aquae,
2087 3079 2190 3142 qui
2215 3078 2467 3141 poterint

270 3150 763 3201 concitatissimam
782 3150 948 3201 illam
967 3150 1338 3214 rapiditatem
1357 3149 1629 3215 perferre,
1650 3155 2053 3214 perpetuoque
2067 3149 2191 3200 una
2203 3163 2339 3200 cum
2353 3146 2467 3199 hac

268 3219 765 3272 inconsumtibiles
791 3236 1139 3285 permanere
1159 3228 1262 3273 aut
1287 3220 1372 3272 illi
1397 3221 1565 3273 nulla
1584 3219 1813 3273 ac'tione
1834 3218 2106 3272 officere?
2130 3218 2301 3271 Adde
2321 3233 2465 3283 quo·
2514 3233 2562 3269 4ο

270 3305 385 3354 que
403 3292 474 3342 de
490 3292 895 3355 magnitudine
913 3294 1099 3343 nimia
1115 3292 1331 3344 harum
1348 3307 1643 3356 aquarum
1659 3290 1916 3356 respectu
1934 3297 2296 3350 caeterarum‚
2318 3303 2466 3354 quas

270 3361 531 3413 MOSES
551 3361 912 3414 subcoelestes
931 3370 1118 3422 vocat,
1145 3378 1249 3427 per
1275 3379 1424 3428 quas
1445 3363 1645 3415 Maria
1663 3362 2013 3415 Terrestrem
2034 3362 2274 3483 globurrlr
2291 3363 2465 3412 inter-

2264 3433 2466 3483 uentia
