2644 4030
283 310 388 362 288
816 306 1255 359 EPISTOLAE
1282 305 1949 358 ASTRONOMICAE

283 450 558 516 syderalis
577 448 830 500 scientiae
851 455 1028 512 atque
1051 447 1532 511 Cosmographiae
1552 450 1988 511 promotionem
2010 454 2064 498 et
2085 447 2481 508 commodum,

283 536 491 573 verum
523 522 700 571 etiam
733 522 796 570 in
828 519 1203 584 inclytissimae
1237 518 1526 570 Caesareae
1560 517 1880 570 Maiestatis
1911 524 2087 582 atque
2123 518 2482 582 amplissimae

284 591 525 656 Reipub.
547 591 807 650 Venetae,
827 593 1031 654 tuique
1046 589 1237 654 ipfiuS‚
1260 592 1361 653 qui
1375 589 1505 641 haec
1519 604 1800 654 procuras
1815 595 1991 653 atque
2006 604 2336 653 promoveS,
2357 588 2482 641 lau-

284 664 417 715 dem
447 668 623 726 atque
653 661 812 726 apud
841 661 1113 726 postemS,
1140 660 1181 711 fi
1208 676 1328 724 qua
1353 659 1580 712 restabit
1608 660 2105 712 benemeritorum
2134 662 2334 725 gratia,
2363 675 2483 712 me-

283 736 535 785 moriam
554 740 608 784 et
625 739 970 797 perpetuam
986 731 1457 784 celebrationem.
1481 731 1756 796 Cumque
1770 731 1921 783 nihil
1935 731 2200 783 diffidam
2213 738 2268 783 te
2283 731 2483 796 sponte

282 813 385 857 tua
414 804 489 856 ad
518 819 644 855 rem
673 803 1143 855 Astronomicam
1172 802 1594 855 sublevandam
1625 802 2222 867 locupletandamque
2253 810 2308 854 et
2336 805 2484 854 meis

282 879 343 927 in
370 875 462 927 his
489 875 795 927 conatibus
822 875 1156 927 adiutandis
1185 874 1375 938 (cuius
1397 880 1451 925 et
1470 877 1593 926 iam
1613 881 1788 926 antea
1809 876 2094 925 eximium
2112 874 2403 938 specimen
2422 875 2484 925 in

282 947 656 1011 procurando
688 946 792 998 illo
826 945 1156 998 honorifico
1190 951 1366 1010 atque
1396 945 1597 997 illustri
1628 945 1968 1010 Diplomate
2000 944 2354 997 Caesareano
2388 960 2482 996 ex-

282 1017 535 1081 hibuisti)
565 1017 921 1082 propensum
951 1018 1071 1077 esse,
1102 1016 1244 1068 nolo
1273 1024 1329 1068 te
1358 1016 1624 1080 pluribus
1651 1017 1913 1082 rogando
1940 1016 2159 1068 diutius
2185 1015 2297 1067 hac
2325 1016 2396 1068 de
2422 1031 2484 1067 re

282 1089 671 1153 interpellare,
694 1105 830 1140 cum
847 1089 1001 1141 ultro
1018 1091 1273 1141 currenti
1294 1103 1448 1152 equo
1470 1088 1722 1140 calcaria
1744 1087 1830 1152 (ut
1851 1087 2007 1139 estin
2026 1086 2362 1152 proverbio)
2384 1087 2482 1139 ad-

283 1161 419 1213 dere
432 1176 556 1212 non
567 1160 784 1212 deceat.
801 1160 1073 1212 Alterum
1084 1159 1278 1212 adhuc
1290 1159 1492 1211 saltem
1503 1159 1766 1223 superest,
1783 1159 1854 1211 de
1867 1174 1987 1223 quo
1998 1166 2168 1210 tuum
2179 1174 2292 1209 con
2299 1157 2485 1210 lilium

283 1247 490 1297 capere
505 1232 716 1296 satago,
741 1232 1037 1296 Cuperem
1054 1231 1344 1284 Caesareae
1359 1230 1651 1283 Maiestati
1664 1230 1903 1294 ipsemet
1917 1230 2177 1288 scribere,
2201 1236 2255 1281 et
2268 1236 2395 1281 tum
2410 1229 2484 1281 ob

283 1303 567 1368 Diploma
586 1302 732 1355 illud
752 1303 826 1355 ab
848 1305 975 1355 eius
996 1303 1299 1355 Maiestate
1320 1302 1468 1353 mihi
1488 1302 1731 1367 gratiose
1753 1308 1807 1353 et
1828 1301 2143 1353 clementer
2163 1301 2486 1352 concessum

282 1374 540 1427 submisse
567 1377 782 1440 gratias
807 1390 995 1440 agere,
1023 1381 1149 1426 tum
1177 1377 1354 1425 etiam
1375 1374 1653 1438 quaedam
1673 1373 1808 1434 alia,
1836 1388 1972 1437 quae
1999 1372 2174 1437 ipfius
2194 1371 2486 1424 Maiestati

282 1445 429 1498 forte
444 1462 567 1497 non
581 1449 809 1511 ingrata
823 1452 999 1510 atque
1014 1445 1394 1498 incommoda
1406 1445 1512 1496 lint
1526 1444 1739 1505 futura,
1761 1444 2062 1496 humiliter
2079 1450 2256 1508 atque
2270 1443 2485 1495 secreto

283 1518 559 1570 indicare.
582 1518 805 1569 Vereor
831 1524 1031 1569 autem
1058 1533 1133 1569 ne
1159 1516 1335 1581 ipfius
1356 1516 1724 1568 Maiestatem
1743 1516 2153 1568 serenissimam
2179 1520 2356 1579 atque
2382 1530 2485 1566 au-

283 1588 646 1654 gustissimam
674 1592 821 1640 meis
850 1589 1217 1641 tenuioribus
1245 1588 1425 1640 literis
1454 1587 1885 1652 interpellando
1914 1589 2040 1639 eius
2067 1586 2358 1639 Maiestati
2384 1592 2486 1638 aut

285 1663 463 1712 etiam
478 1660 608 1725 alijs
623 1660 899 1725 dignitate
915 1667 1091 1724 atque
1107 1657 1449 1712 auctoritate
1461 1662 1523 1710 in
1535 1659 1676 1711 aula
1686 1657 2167 1723 praepollentibus
2179 1656 2486 1709 offenfioni

283 1731 386 1782 lim
405 1730 653 1791 futuruS,
675 1734 756 1783 ita
775 1738 839 1783 ut
859 1734 921 1782 in
940 1734 1139 1783 minus
1160 1731 1426 1782 dextram
1446 1737 1673 1795 partem
1692 1730 1840 1782 mihi
1858 1745 1950 1781 res
1968 1729 2097 1781 haec
2110 1735 2386 1781 vertatur.
2401 1727 2485 1780 Te

282 1805 481 1867 itaque
501 1805 714 1854 iterum
735 1809 911 1867 atque
932 1805 1145 1854 iterum
1165 1808 1540 1866 peramanter
1560 1808 1830 1867 rogatum
1850 1800 2061 1861 habeo,
2088 1807 2151 1852 ut
2172 1800 2313 1864 quid
2333 1815 2370 1852 a
2389 1814 2485 1851 me

283 1874 394 1925 hac
415 1876 478 1924 in
497 1881 660 1937 parte
680 1873 807 1925 fieri
828 1874 999 1926 liceat
1019 1881 1073 1926 et
1094 1875 1311 1932 deceat,
1332 1876 1587 1938 ingenue
1603 1872 2111 1925 commonefacere
2124 1871 2286 1932 veliS,
2310 1878 2364 1923 et
2382 1886 2486 1935 per

282 1948 537 2009 primam
555 1961 854 2009 quamque
873 1947 1386 2009 opportunitatem,
1410 1948 1603 2005 etiam,
1624 1944 1665 1996 fi
1684 1944 1812 1996 fieri
1826 1944 1984 2008 possit
1998 1950 2134 1996 ante
2150 1942 2339 1995 Maris
2354 1942 2485 1994 Bal-

282 2015 422 2068 thici
451 2019 856 2081 navigationes
887 2017 1305 2081 impedientem
1336 2016 1823 2081 congelationem,
1856 2014 2004 2066 mihi
2034 2015 2105 2067 de
2135 2013 2370 2079 lingulis
2398 2029 2484 2065 re-

282 2087 541 2148 scribere,
563 2095 739 2152 atque
761 2089 902 2152 quid
921 2087 1275 2152 sperandum
1295 2087 1750 2151 faciendumque
1771 2087 1849 2147 fit,
1877 2085 2196 2151 fignificare
2217 2101 2340 2137 non
2360 2100 2484 2150 gra-

283 2162 452 2211 veris,
473 2159 621 2211 Vale
641 2162 730 2211 vir
757 2159 1111 2223 amplissime‚
1140 2175 1354 2223 meque
1381 2162 1466 2210 tui
1488 2158 1943 2211 studiolissimum
1963 2164 2018 2209 et
2037 2164 2321 2222 perpetua
2340 2159 2484 2209 ami-

283 2233 417 2282 citia
436 2230 539 2282 tibi
560 2229 895 2283 devinctum
915 2234 1165 2283 retinere
1187 2230 1369 2295 (quod
1391 2237 1446 2282 et
1466 2230 1621 2282 ultro
1640 2245 1745 2294 per
1763 2245 1859 2282 me
1879 2228 2000 2293 fiet)
2016 2244 2140 2280 non
2153 2231 2483 2281 intermitte.

284 2301 611 2354 Communi
630 2305 823 2354 amico
844 2302 1036 2354 nostro
1056 2302 1489 2354 THADDAEO
1510 2301 1742 2354 seorfim
1762 2300 1966 2365 scripfi‚
1991 2303 2086 2352 cui
2106 2303 2285 2352 etiam
2304 2314 2486 2364 quam

284 2376 502 2437 optime
532 2377 706 2438 cupio
737 2377 1058 2438 omniaque
1090 2390 1162 2426 ex
1191 2376 1376 2425 animi
1405 2373 1688 2425 sententia
1719 2380 1874 2437 opto,
1905 2372 2123 2424 Iterum
2153 2386 2335 2436 quam
2360 2371 2485 2423 diu-

282 2444 927 2568 {issimf5f9egicissimeque
948 2446 1097 2498 vale.
1121 2446 1295 2497 Datae
1315 2445 1594 2497 Calendis
1616 2444 1959 2497 Decembris
1980 2444 2142 2495 Anni
2162 2444 2373 2495 veteris
2393 2442 2484 2494 Iu-

305 2531 428 2568 1an1
582 2558 592 2568 .

2373 3440 2482 3505 [Ex

2537 1105 2580 1140 10

2539 1462 2580 1497 15

2535 1818 2581 1853 20

2535 2175 2580 2209 25

2534 2531 2581 2566 30
