2644 4030
109 1092 151 1128 10

99 2878 146 2913 35

99 3234 146 3269 40

273 292 543 346 ΤΗΑΙ).
572 293 1027 348 HAGECIUS
1053 295 1175 347 AD
1202 295 1709 350 TYCHONEM
1736 295 1846 364 llll
1874 299 2049 352 IUN.
2077 300 2223 353 1590
2310 301 2403 354 251

203 434 537 501 explicabis
565 436 687 502 Ego
712 435 971 502 profecto
996 443 1223 490 tantam
1249 438 1642 492 differentiam
1667 443 1730 492 in
1756 440 1988 494 duobus
2010 442 2125 495 illis
2147 442 2403 496 Planetis

201 505 319 559 huc
339 506 521 572 usque
541 523 853 572 nunquam
874 510 1280 563 animadverti.
1309 510 1402 562 De
1423 510 1666 575 Epocha
1687 516 2164 566 commutationis
2189 515 2402 567 mediae

202 577 470 631 Cometae
490 581 634 630 anni
650 580 719 632 77
736 580 814 632 ad
827 580 985 632 diem
998 580 1068 632 24
1083 581 1438 634 Novembris
1452 583 1611 644 dicis,
1631 589 1687 635 te
1703 598 1853 645 eam,
1875 600 2057 649 quam
2072 585 2402 638 MAESTH-

202 649 440 702 LINUS
459 649 664 714 posuit,
685 651 971 721 accepisse.
992 652 1071 703 At
1086 667 1193 718 ego
1209 653 1470 718 exipsius
1484 653 1845 715 dedomeniS,
1863 654 2142 709 subducto
2157 657 2401 718 calcu10,

202 720 564 785 deprehendi
593 736 727 773 eam
759 722 839 774 15⁴
868 724 1179 784 minorem,
1213 740 1348 789 quae
1379 727 1443 776 in
1473 723 1677 778 6113613
1704 726 2115 791 supputatione
2144 744 2269 780 non
2299 730 2402 781 esse

200 791 550 857 negligenda
570 792 907 853 existimavi,
930 809 1066 845 cum
1083 810 1156 846 ex
1170 795 1414 860 Epocha
1434 796 1739 849 constituta
1757 804 1946 850 totum
1967 798 2286 851 aedificium
2307 815 2402 851 ex-

200 869 390 928 urgat:
412 878 481 915 ac
493 862 605 914 feci
618 864 694 924 id,
712 870 776 915 ut
789 880 914 916 non
926 871 1158 917 tantum
1174 866 1493 919 aedificium
1507 883 1544 920 a
1558 868 2060 922 MAESTHLINO
2076 869 2403 924 extructum

200 933 643 995 considerarem,
672 934 769 987 sed
799 938 977 988 etiam
1006 939 1133 988 eius
1162 936 1550 991 fundamenta
1579 942 1999 992 examinarem.
2031 941 2145 994 Sed
2175 957 2311 994 cum
2339 948 2404 994 tu

200 1003 593 1057 differentiam
612 1005 778 1058 illam
797 1022 905 1071 pro
925 1007 1134 1072 pufillo
1156 1023 1351 1061 errore
1373 1010 1569 1071 ducaS‚
1592 1026 1699 1075 ego
1721 1027 1959 1076 quoque
1981 1012 2052 1064 de
2074 1028 2145 1064 63
2165 1020 2401 1065 conten-

201 1076 338 1128 dere
366 1076 527 1128 nolo,
556 1076 739 1129 Porro
769 1077 1100 1131 differentia
1129 1079 1248 1140 illa,
1280 1096 1415 1144 quae
1444 1084 1595 1133 inter
1623 1097 1733 1133 nos
1761 1082 1836 1134 est
1860 1085 1924 1134 in
1949 1083 2401 1148 prostaphaerefi,

200 1163 336 1199 cum
367 1148 574 1200 asseras
606 1163 742 1200 eam
772 1151 1086 1214 provenire
1119 1166 1192 1202 ex
1224 1154 1565 1216 acceptione
1601 1153 1962 1205 diversorum
1995 1158 2400 1216 terminorum,

199 1221 483 1271 nimirum
508 1235 708 1272 meam
733 1220 1014 1285 respicere
1037 1221 1105 1273 24
1130 1222 1440 1284 Novemb.‚
1467 1230 1633 1275 tuam
1655 1240 1797 1276 vero
1818 1225 1887 1276 26
1907 1225 2185 1292 Ianuarij,
2212 1230 2275 1278 in
2300 1233 2404 1279 tua

198 1289 312 1342 hac
333 1290 622 1343 solutione
645 1290 856 1344 lubens
879 1292 1200 1357 acquiesco.
1231 1293 1389 1345 Mihi
1411 1310 1571 1346 nunc
1595 1295 1666 1347 de
1690 1297 1761 1361 ijs
1784 1312 1972 1348 novas
1996 1297 2401 1350 consideratio-

198 1376 305 1414 nes
324 1361 606 1428 suscipere
627 1369 683 1415 et
702 1366 908 1416 omnia
927 1364 1126 1416 denuo
1140 1365 1216 1417 ad
1231 1365 1525 1418 calculum
1541 1381 1821 1439 revocare
1836 1367 1971 1419 aliae
1986 1371 2402 1433 occupationes

197 1440 414 1485 vetant.

270 1504 681 1572 MUNNOSIJ
695 1505 963 1558 libellum
977 1507 1049 1559 de
1063 1522 1223 1560 nova
1235 1507 1396 1560 stella
1410 1508 1734 1573 Hispanico
1751 1510 2050 1569 idiomate,
2068 1511 2142 1563 ab
2159 1511 2404 1575 ipsomet

198 1575 343 1627 olim
361 1575 511 1628 mihi
529 1578 756 1629 missum
777 1584 833 1630 et
852 1577 1156 1640 donatum,
1176 1578 1388 1641 habeo,
1410 1583 1514 1644 qui
1531 1587 1734 1632 tamen
1754 1596 1893 1633 eum
1913 1582 2191 1634 Latinum
2211 1582 2402 1644 faciat,

196 1646 392 1699 habeo
418 1651 736 1700 neminem.
765 1648 879 1701 Sed
903 1649 1128 1701 etmihi
1153 1651 1323 1703 nulla
1348 1651 1708 1704 consuetudo
1735 1668 1872 1704 cum
1892 1653 2190 1717 Hispanis,
2219 1653 2402 1706 COR-

197 1718 486 1772 NELIUS
511 1719 1079 1774 FRANGIPANUS
1105 1722 1304 1774 Italice
1328 1722 1557 1788 scripfit,
1587 1722 1683 1775 sed
1712 1739 1848 1788 quae
1878 1724 1954 1776 ad
1983 1724 2243 1776 nostrum
2270 1740 2402 1789 pro-

195 1789 449 1854 pofitum
467 1789 703 1852 faciant,
723 1792 903 1856 plane
922 1792 1074 1844 nihil
1093 1792 1286 1846 habet.
1308 1794 1477 1846 Alios
1496 1794 1798 1859 scriptores
1818 1811 1994 1847 novae
2011 1795 2186 1848 stellae
2203 1796 2402 1848 nullos

196 1863 354 1922 novi,
368 1862 875 1926 quemadmodum
886 1866 949 1915 in
959 1879 1096 1917 mea
1106 1867 1404 1930 recognita
1415 1865 1654 1918 Dialexi
1664 1867 1989 1931 intelligere
1999 1867 2245 1931 potuisti,
2258 1867 2401 1920 alio-

197 1935 299 1997 qui
320 1948 422 1985 eos
442 1949 681 1999 quoque
700 1935 1091 1999 produxissem
1107 1938 1170 1988 in
1186 1937 1465 1989 medium.
1488 1937 1766 1989 ΑΡΙΑΝΙ
1783 1938 2048 1990 libellum
2064 1939 2135 1990 de
2151 1938 2403 1991 Cometa

160 2024 177 2043 r
196 2004 411 2056 anni3l
424 2007 609 2057 mitto,
632 2006 750 2058 Ubi
770 2006 940 2058 illum
961 2006 1267 2068 evolveris,
1289 2008 1449 2072 quod
1470 2004 1876 2077 11111311111111111
1897 2010 2222 2061 613116111111
2243 2011 2401 2062 diem

194 2074 324 2127 fieri
348 2079 575 2140 poterit,
601 2079 861 2129 remittes
880 2078 957 2130 ad
976 2094 1072 2130 me
1092 2094 1197 2143 per
1215 2078 1786 2132 111111613116Π31111111.
1814 2081 1884 2132 Et
1905 2096 2041 2132 cum
2059 2081 2400 2146 intelligam,

195 2153 252 2198 te
271 2162 397 2199 non
417 2147 674 2212 amplius
699 2163 868 2213 egere
886 2148 1420 2213 TRAPEZUNTIJ
1447 2154 1903 2217 commentariJS,
1932 2167 2034 2204 eos
2061 2168 2299 2217 quoque
2326 2153 2402 2205 ad

194 2233 291 2270 me
311 2221 588 2271 remitteS.
609 2219 703 2271 De
722 2219 1078 2272 bibliotheca
1090 2221 1478 2284 WITYCHIJ
1499 2225 1590 2287 egi
1611 2238 1747 2274 cum
1761 2223 2023 2287 quodam
2036 2239 2173 2275 meo
2188 2226 2398 2276 amico.

196 2289 310 2342 Sed
334 2292 384 2341 is
410 2306 571 2342 nunc
595 2290 889 2356 legatione
915 2291 1176 2356 fungitur
1198 2295 1260 2344 in
1284 2292 1612 2345 Poloniam.
1641 2294 1760 2346 Ubi
1784 2295 2035 2355 redierit,
2063 2310 2238 2359 agam
2265 2311 2399 2347 cum

196 2376 268 2412 eo
283 2360 633 2426 diligentiuS,
645 2369 819 2427 teque
835 2365 1144 2415 certiorem
1157 2363 1389 2416 faciam.
1405 2364 1809 2418 IOHANNIS
1823 2365 2077 2417 PAENAE
2091 2366 2237 2418 liber
2250 2382 2400 2418 nun-

195 2447 378 2496 quam
397 2432 546 2484 mihi
567 2436 820 2499 contigit.

267 2502 446 2567 Quod
469 2504 546 2556 ad
564 2505 1013 2570 Apologeticam
1038 2505 1471 2570 responfionem
1496 2513 1663 2559 tuam
1685 2510 1953 2571 pertinet,
1979 2507 2136 2560 hanc
2162 2524 2400 2573 quoque

194 2574 413 2640 perlegi
440 2574 874 2641 diligentissime,
902 2592 1092 2641 eaque
1118 2577 1256 2629 sane
1279 2577 1526 2630 mirifice
1546 2578 1673 2630 sum
1693 2577 2028 2631 delectatus,
2049 2579 2199 2631 Tam
2218 2579 2398 2632 solide

195 2649 356 2698 enim
385 2653 441 2698 et
468 2653 591 2699 tam
618 2647 916 2700 luculente
945 2648 1275 2713 respondes,
1307 2656 1362 2701 et
1391 2647 1748 2702 obiectiones
1779 2650 2083 2713 CRAIGIJ
2114 2651 2305 2711 diluis,
2336 2658 2400 2703 ut

193 2719 414 2769 mirum
433 2717 571 2770 sane
590 2718 778 2771 videri
797 2721 972 2784 possit,
995 2720 1137 2784 quid
1157 2727 1361 2773 contra
1380 2727 1502 2772 tam
1524 2721 1819 2773 evidentia
1834 2721 1930 2773 vel
1949 2721 2168 2774 hiscere
2187 2722 2397 2774 CRAI-

195 2787 385 2841 GIUS
410 2796 514 2842 aut
539 2792 733 2854 quivis
759 2791 913 2843 alius
937 2792 1113 2855 possit.
1142 2791 1320 2855 Quod
1345 2791 1386 2843 fi
1414 2792 1794 2845 CRAIGIUS
1819 2800 2017 2858 perget
2042 2795 2273 2845 veritati
2299 2793 2398 2845 ob-

193 2859 457 2924 strepere,
494 2864 557 2913 in
590 2861 764 2927 longe
795 2865 1086 2914 maiorem
1118 2865 1374 2915 incurret
1404 2862 1919 2928 reprehensionem
1950 2865 2110 2929 apud
2142 2867 2398 2917 veritatis

194 2938 480 2992 amanteS,
510 2948 693 2997 quam
723 2933 883 2997 quod
913 2949 1020 2999 ego
1049 2936 1113 2985 in
1139 2934 1318 2986 Nova
1343 2934 1523 2987 Stella
1551 2950 1764 2999 parum
1793 2951 1866 2987 ex
1895 2942 2018 2987 arte
2046 2935 2150 2987 suo
2179 2936 2398 2992 iudicio

192 3002 571 3067 praestiterim.
604 3003 719 3056 Sed
747 3004 812 3057 fit
839 3007 936 3065 ita,
970 3011 1035 3057 ut
1065 3005 1164 3056 1116
1196 3005 1436 3058 111(11631;
1471 3021 1578 3071 ego
1609 3013 1763 3058 certe
1793 3006 1938 3058 illud
1967 3022 2180 3072 parum
2208 3007 2397 3060 multo

193 3073 497 3138 gloriosius
516 3075 665 3127 mihi
685 3077 790 3127 esse
810 3076 979 3137 duc0‚
1007 3091 1190 3140 quam
1209 3076 1250 3127 fi
1268 3077 1570 3129 manifeste
1590 3080 1821 3129 veritati
1842 3093 2251 3144 repugnarem.
2279 3079 2397 3131 Pri-

192 3159 328 3196 mus
358 3160 482 3210 eg0,
512 3147 654 3210 quid
683 3146 782 3212 alij
814 3146 1104 3207 senserint,
1135 3150 1431 3212 ignorans,
1460 3148 1646 3200 libera
1670 3164 1815 3201 voce
1846 3156 1901 3201 61
1925 3149 2132 3214 scripto
2161 3150 2396 3214 protuli,

195 3215 436 3268 Novam
451 3216 694 3269 Stellam
707 3233 831 3269 non
844 3217 1002 3270 fuisse
1018 3218 1348 3279 Cometam,
1370 3235 1479 3271 1166
1498 3221 1562 3271 111
1582 3219 1925 3273 elementari
1945 3223 2200 3286 regione,
2222 3221 2317 3273 sed
2336 3224 2398 3273 in

194 3286 436 3339 aethere:
462 3287 596 3340 licet
620 3288 893 3340 senserim
914 3295 970 3341 61
987 3290 1334 3354 protulerim
1353 3290 1481 3343 fieri
1501 3292 1667 3356 posse,
1692 3299 1756 3344 ut
1776 3292 2043 3345 Cometae
2065 3295 2126 3344 in
2146 3299 2396 3356 utraque

193 3360 448 3422 regione,
468 3366 614 3423 puta
632 3359 977 3412 elementari
991 3367 1047 3412 et
1060 3361 1335 3423 aetherea,
1357 3365 1640 3423 oriantur,
1663 3379 1782 3428 qua
1799 3363 1870 3415 de
1885 3379 1947 3415 re
1962 3371 2106 3415 aetas
2119 3364 2397 3487 ponec'trior

336 3440 405 3476 32·
2183 3450 2247 3486 16
2303 3450 2396 3486 ius
