2644 4030
281 301 386 353 270
813 296 1250 349 EPISTOLAE
1276 295 1947 349 ASTRONOMICAE

280 456 387 506 pro
407 440 477 492 26
496 438 855 499 Decembris,
883 438 959 490 ad
982 452 1159 502 quem
1182 453 1288 502 ego
1310 437 1603 489 calculum
1624 437 1825 498 direxi,
1845 444 1911 490 tu
1930 438 1999 489 24
2019 438 2373 492 Novembris
2393 442 2478 492 in-

282 510 635 564 considerate
663 509 1036 574 assumpseriS‚
1064 524 1189 560 non
1215 508 1306 568 est,
1334 509 1493 573 quod
1520 509 1776 573 amplius
1801 509 2044 561 haefiteS.
2075 510 2202 562 Nec
2228 525 2378 575 opus
2405 511 2480 564 est

282 581 575 634 calculum
593 580 790 632 denuo
807 595 1085 631 revocare
1103 586 1205 632 aut
1226 582 1404 632 etiam
1424 580 1948 632 confiderationem
1968 580 2275 641 instituere,
2298 597 2480 646 quam

280 652 728 716 introspiciendo
749 653 1024 703 attentius
1045 666 1133 710 ea,
1155 666 1290 715 quae
1310 666 1438 716 pag.
1455 651 1560 703 279
1580 651 1766 715 etseq.
1787 654 1850 703 in
1869 651 2018 703 libro
2035 651 2226 704 nostro
2240 651 2331 704 2d0
2345 668 2479 706 con-

280 727 553 782 tinentur,
582 729 637 774 et
663 721 1019 774 conferendo
1047 738 1119 774 ea
1145 737 1281 774 cum
1306 724 1437 783 tuiS‚
1470 737 1605 786 quae
1631 723 1941 774 necessario
1967 722 2055 774 illi
2080 726 2330 788 tempori
2355 739 2481 776 non
2530 742 2551 776 ⁵

281 794 588 860 quadrant.
617 792 963 855 MUNOSIJ
994 792 1260 845 libellum
1285 809 1445 845 nunc
1471 809 1595 845 non
1620 793 1875 845 multum
1902 801 2128 858 expete,
2159 809 2294 858 quae
2321 797 2481 846 enim

280 869 342 918 in
359 866 517 917 illius
534 864 749 929 placita
769 864 1142 928 disquirenda
1160 863 1361 925 habui,
1383 867 1503 916 iam
1523 865 1787 929 impressa
1805 864 1950 924 sunt,
1972 880 2081 917 nec
2095 865 2480 918 FRANGIA-

280 937 465 989 PANI
490 938 740 1000 ineptias
765 950 983 996 moror,
1011 951 1147 987 cum
1172 934 1324 987 nihil
1349 935 1425 987 ad
1450 951 1577 987 rem
1602 936 1836 988 faciant.
1864 936 1976 988 Pro
2001 936 2279 988 ΑΡΙΑΝΙ
2303 936 2480 989 trans-

279 1009 436 1060 misso
457 1007 655 1059 libello
676 1008 748 1059 de
770 1006 1021 1059 Cometa
1040 1009 1184 1058 anni
1204 1004 1322 1058 31¹ni
1335 1009 1550 1071 gratias
1569 1007 1779 1059 habeo.
1802 1007 1944 1059 Non
1963 1014 2164 1059 tamen
2183 1023 2323 1060 eum
2343 1023 2479 1060 cum
2528 1012 2556 1056 ἢ·

280 1080 393 1131 hoc
406 1078 741 1131 Tabellario
762 1080 1010 1139 remitt0,
1033 1093 1168 1129 cum
1187 1084 1309 1130 tam
1323 1077 1508 1130 subito
1525 1094 1611 1139 ea,
1634 1093 1769 1142 quae
1783 1079 1921 1130 inde
1936 1094 2140 1130 eruere
2155 1085 2330 1143 atque
2346 1094 2482 1131 cum
2535 1096 2577 1130 lo

281 1152 411 1216 alijs
433 1149 697 1202 conferre
718 1149 998 1210 constitui,
1021 1148 1291 1214 colligere
1311 1165 1470 1201 nunc
1491 1165 1615 1201 non
1629 1149 1691 1201 fit
1706 1152 1909 1201 otium.
1931 1150 2197 1214 Recipies
2211 1165 2348 1202 eum
2363 1150 2482 1203 alio

279 1229 559 1286 tempore,
586 1221 720 1273 licet
741 1220 929 1273 facilis
950 1221 1076 1273 esset
1095 1219 1337 1281 iactura,
1365 1236 1501 1272 cum
1527 1220 1677 1272 nihil
1695 1220 1861 1273 solidi
1883 1227 1937 1272 et
1957 1223 2112 1282 certi,
2139 1236 2215 1273 ne
2244 1221 2483 1286 quidem

280 1296 343 1345 in
369 1300 689 1358 apparente
717 1292 986 1345 Cometae
1012 1300 1195 1353 motu,
1223 1295 1536 1353 contineat,
1564 1292 1715 1344 adeo
1741 1298 1805 1344 ut
1829 1294 1984 1344 intra
2008 1308 2198 1344 unum
2223 1292 2319 1345 vel
2343 1293 2482 1345 alte-

281 1381 413 1416 rum
434 1364 682 1429 gradum
700 1370 826 1416 tuto
848 1363 932 1415 illi
952 1363 1257 1416 fidendum
1280 1379 1404 1416 non
1427 1363 1505 1423 fit,
1532 1370 1655 1415 tam
1680 1363 1906 1415 lubrica
1930 1366 2112 1415 utitur
2138 1363 2483 1417 observandi

280 1438 507 1488 ratione
523 1442 578 1487 et
592 1435 946 1487 Dedomena
959 1435 1183 1487 assumit
1195 1434 1446 1494 fallacia,
1467 1441 1596 1486 utut
1610 1437 1815 1486 omnia
1833 1449 1937 1498 per
1955 1434 2279 1500 triangulos
2295 1437 2482 1500 magis
2536 1451 2577 1486 15

280 1504 470 1559 subtili
488 1522 669 1571 quam
686 1506 815 1558 utili
829 1506 1031 1558 labore
1045 1506 1309 1558 resolvat.
1324 1505 1855 1568 TRAPEZUNTIJ
1870 1508 1933 1557 in
1946 1505 2483 1559 PTOLEMAEUM

283 1579 758 1631 Commentarios
779 1593 883 1642 per
902 1577 1062 1629 hunc
1082 1579 1376 1629 remittam
1388 1577 1807 1638 Tabellarium‚
1829 1577 1869 1628 fi
1888 1579 1937 1629 is
1959 1592 2060 1630 eos
2079 1577 2274 1629 secum
2291 1577 2483 1642 aspor-

280 1656 404 1703 tare
423 1649 691 1710 voluerit,
718 1649 802 1700 fin
826 1652 1041 1710 minus,
1069 1649 1189 1700 alia
1215 1663 1570 1713 quacunque
1592 1650 2026 1714 opportunitate
2047 1649 2200 1702 dabo
2221 1664 2483 1714 operam,

281 1729 345 1773 ut
364 1720 755 1781 restituantur;
776 1720 924 1772 mihi
946 1723 1106 1772 enim
1126 1720 1278 1772 nulli
1296 1720 1426 1772 sunt
1445 1719 1589 1772 usui.

352 1791 709 1857 Apologiam
734 1806 932 1843 meam
958 1791 1234 1843 adversus
1255 1791 1637 1844 CRAIGUM
1658 1790 1899 1843 Scotum
1918 1791 2021 1843 tibi
2041 1806 2165 1843 non
2185 1790 2483 1856 displicere
2532 1807 2579 1843 20

281 1863 490 1915 lubens
519 1865 759 1928 accipio,
794 1863 1038 1915 Reddita
1066 1862 1141 1914 est
1169 1862 1255 1913 illi
1283 1863 1633 1914 iamdudum
1662 1862 1875 1928 hyeme
1905 1863 2301 1923 antecedente,
2333 1862 2485 1914 nihil

280 1944 480 1986 tamen
501 1934 696 1986 adhuc
719 1933 1027 1998 respondit,
1055 1949 1164 1985 nec
1190 1933 1322 1993 sci0,
1349 1949 1429 1985 an
1449 1934 1755 1998 quidpiam
1774 1936 1838 1985 in
1858 1936 2219 1986 contrarium
2239 1934 2484 1986 ulterius

281 2006 606 2057 meditetur.
638 2005 703 2056 Id
730 2004 933 2056 saltem
962 2020 1035 2056 ex
1065 2004 1303 2057 Medico
1334 2003 1606 2065 Doctore‚
1638 2007 1740 2069 qui
1767 2004 2175 2057 serenissimam
2201 2005 2485 2070 Reginam

282 2077 492 2129 Scotiae
504 2076 816 2128 nostratem
826 2076 966 2127 illuc
977 2079 1248 2140 proximo
1260 2091 1398 2128 vere
1411 2076 1815 2136 comitabatur,
1826 2079 2090 2141 cognovi,
2101 2075 2483 2129 CRAIGUM

280 2148 450 2200 illum
475 2163 583 2212 pro
609 2147 712 2199 suo
738 2147 1241 2206 ARISTOTELE,
1272 2150 1368 2199 cui
1394 2147 1450 2199 se
1479 2155 1669 2199 totum
1693 2150 2069 2211 mancipavit,
2100 2147 2295 2200 adhuc
2320 2147 2480 2208 stare,
2531 2163 2578 2198 25

282 2220 550 2284 adeoque
578 2222 704 2271 eius
729 2219 955 2283 placitis
982 2216 1295 2278 addictum,
1323 2226 1387 2271 ut
1413 2221 1661 2271 certiora
1682 2226 1736 2270 et
1755 2218 1988 2271 saniora
2009 2221 2213 2271 omnia
2237 2218 2484 2284 respuat,

281 2291 608 2354 morboque
636 2292 982 2354 pervicaciae
1011 2290 1322 2342 incurabili
1350 2290 1592 2342 laboret.
1623 2289 1904 2354 Suspiciat
1931 2292 2105 2355 igitur
2132 2296 2186 2342 et
2211 2292 2274 2341 in
2297 2292 2485 2354 pretio

281 2361 497 2414 habeat
517 2363 640 2413 una
660 2377 795 2413 cum
816 2364 1040 2414 caeteris
1061 2361 1436 2413 Aristotelaeis
1455 2362 1786 2414 vanissimas
1806 2377 2010 2426 nugaS‚
2035 2360 2319 2425 fiquidem
2337 2363 2484 2413 veri-

283 2436 384 2485 tati
406 2436 616 2485 certius
636 2436 757 2485 iam
770 2433 1011 2485 tandem
1024 2430 1330 2496 patefaclae
1345 2432 1670 2485 auscultare
1684 2433 1847 2484 nolit.
1869 2433 1991 2497 Ego
2007 2433 2147 2497 quid
2162 2433 2314 2484 dicat
2327 2432 2484 2484 ARI-

283 2504 689 2563 STOTELES,
710 2505 805 2556 vel
822 2506 1015 2569 quivis
1030 2499 1051 2573 ΙΙ
1065 2504 1218 2556 alius
1232 2520 1339 2569 pro
1354 2503 1693 2556 authentico
1711 2510 1992 2568 receptuS‚
2013 2519 2138 2556 non
2158 2503 2484 2569 respicienS‚
2517 2510 2599 2555 38r

283 2576 424 2640 quid
444 2575 632 2640 ipsum
653 2576 871 2628 coelum
891 2575 1196 2640 protulerit
1211 2583 1265 2627 et
1280 2576 1582 2639 quomodo
1596 2591 1756 2628 nova
1768 2575 1872 2627 sua
1885 2576 2291 2627 Phaenomena
2305 2574 2485 2627 osten-

283 2648 444 2708 derit,
471 2646 876 2700 infallibilibus
903 2647 1404 2699 observationibus
1431 2648 1873 2711 admodumque
1899 2646 2177 2698 subtiliter
2204 2645 2486 2698 scrutatus

285 2719 564 2771 Cometas
587 2734 794 2771 revera
813 2721 877 2770 in
897 2719 1017 2771 alto
1041 2717 1259 2770 aethere
1285 2721 1599 2783 procreari,
1625 2718 1862 2782 illicque
1884 2717 2120 2770 cursum
2146 2717 2316 2769 suum
2344 2733 2485 2769 eun-

284 2791 536 2854 demque
558 2790 925 2842 ordinarium
947 2805 1234 2850 exercere,
1255 2789 1389 2842 satis
1408 2789 1695 2854 superque
1716 2789 1891 2841 didici
1906 2796 1960 2840 et
1974 2787 2203 2840 invictis
2223 2789 2485 2852 apodixi-

282 2861 391 2913 bus
418 2861 824 2913 demonstravi.
852 2860 1116 2913 Sufficiat
1141 2863 1340 2925 itaque
1365 2860 1514 2912 mihi
1534 2864 1840 2912 veritatem
1860 2860 2060 2925 ipsam,
2087 2875 2222 2924 quae
2243 2860 2345 2911 diu
2364 2859 2484 2912 abs·
2534 2875 2580 2910 35

285 2932 519 2984 condita
550 2932 733 2993 latuit,
768 2936 830 2985 in
862 2933 1481 2996 apertum‘produxisse
1509 2931 1751 2996 alijsque
1778 2931 2248 2996 conspiciendam
2274 2946 2485 2995 propo-

284 3003 457 3055 suisse.
479 3004 575 3056 Ad
596 3007 762 3055 cuius
783 3004 1069 3069 fulgentes
1090 3004 1305 3062 radios,
1326 3003 1366 3054 fi
1388 3006 1489 3067 qui
1509 3003 1705 3055 adhuc
1724 3010 1888 3055 tanta
1908 3003 2155 3068 caligine
2176 3001 2486 3054 offuscatos

286 3074 489 3125 oculos
510 3074 745 3136 habent,
772 3083 836 3127 ut
861 3075 1067 3127 lumen
1087 3082 1206 3127 tam
1226 3075 1594 3139 splendidum
1613 3073 1799 3127 subito
1821 3089 1852 3125 e
1872 3074 2005 3139 plus
2026 3089 2207 3138 quam
2228 3073 2485 3126 Cimme-

286 3147 386 3210 rijs
418 3145 670 3197 tenebris
701 3146 978 3210 prodiens
1009 3146 1281 3198 sustinere
1312 3152 1627 3210 nequeant,
1660 3146 1720 3198 id
1751 3160 1847 3197 me
1879 3159 2262 3209 nequaquam
2290 3142 2484 3196 afficit.

287 3216 437 3267 Satis
453 3219 612 3267 enim
626 3217 887 3269 conscius
901 3217 1044 3277 sum,
1065 3217 1216 3269 nihil
1229 3224 1351 3269 tam
1366 3217 1622 3282 apposite
1636 3223 1812 3281 atque
1827 3217 2150 3269 indubitate
2165 3216 2484 3276 asseverari‚
2535 3230 2581 3265 40

288 3289 432 3350 quin
463 3286 595 3338 suos
627 3290 889 3340 inveniat
922 3287 1391 3349 contradictore&
1427 3294 1483 3340 et
1515 3287 1779 3353 ipfissima
1808 3290 2023 3340 veritas
2057 3287 2390 3352 gravissimis
2422 3292 2486 3338 ut

286 3357 610 3421 plurimum
630 3361 692 3410 in
711 3359 825 3410 hoc
844 3359 1071 3410 mundo
1091 3359 1318 3411 laborat
1333 3357 1865 3420 obtrectationibus
1885 3359 2198 3410 mendacia
2213 3364 2414 3410 autem
2431 3363 2486 3407 et

288 3430 575 3481 vanitates
594 3444 746 3494 pene
767 3430 986 3494 ubique
1006 3433 1069 3482 in
1087 3433 1275 3495 pretio
1294 3430 1440 3482 sunt.
2308 3427 2486 3490 Quod
