2664 4030
114 1118 156 1153 10

113 1475 155 1510 15

108 1832 155 1866 20

95 2037 178 2081 13v

107 2188 155 2224 25

109 2901 154 2936 35

437 315 741 369 TYCHO
768 316 890 368 AD
917 315 1186 368 THAD.
1215 315 1707 369 HAGECIUM
1734 317 1796 368 12
1824 317 2012 370 OCT.
2041 318 2174 371 1581
2343 320 2411 372 65

206 458 626 511 Mechanicam
652 457 1060 511 tradtationem
1086 459 1467 520 deducantur,
1493 459 1819 524 plurimum
1845 476 1882 512 a
1906 460 2079 525 scopo
2106 463 2286 526 petito
2313 461 2411 513 ab-

207 530 501 592 errabunt,
528 530 847 595 praesertim
866 529 969 582 ubi
989 546 1062 582 ex
1081 533 1359 592 minimis,
1387 533 1472 583 uti
1497 530 1611 583 hoc
1637 531 1769 583 loco
1792 531 1872 592 fit,
1901 547 1972 584 ea
1993 547 2128 596 quae
2148 534 2413 585 maxima

205 600 335 653 sunt
353 601 782 667 investigantur.
811 602 938 653 Imo
960 602 1181 654 etiamsi
1201 602 1833 655 REGIOMONTANI
1853 603 1957 655 illa
1975 603 2292 667 speculatio
2314 602 2412 656 hic

205 672 404 724 locum
424 672 686 738 aliquem
706 672 1000 734 habuisset,
1022 680 1077 725 et
1096 673 1474 726 intervallum
1489 677 1768 739 temporis
1784 674 2060 739 exquisite
2075 674 2208 726 satis
2221 674 2411 740 sump-

205 750 331 795 tum
352 743 758 796 altitudinibus
779 751 834 796 et
854 744 1169 797 azimuthis
1192 747 1298 797 rite
1320 745 1469 797 datis
1490 752 1835 811 congrueret
1863 746 1947 810 (in
1973 746 2187 811 quibus
2211 753 2413 798 tamen

204 814 456 880 singuIiS,
473 815 694 867 etiamsi
707 815 891 868 adsint
905 816 1287 868 instrumenta
1299 831 1517 882 magna
1531 823 1586 869 et
1600 816 1897 882 exquisita,
1912 832 2047 882 quae
2062 833 2197 870 raro
2211 824 2413 870 tamen

203 888 267 937 in
279 892 517 951 promtu
530 886 676 947 sunt,
695 902 766 939 ea
781 903 917 952 quae
931 903 1039 952 par
1053 887 1128 939 est
1141 887 1479 953 praecifione
1494 888 1837 941 adamussim
1851 889 2166 952 capiendiS‚
2189 896 2413 953 quanta

205 973 356 1022 opus
375 957 439 1009 fit
458 957 774 1024 diligentia,
802 966 1143 1024 quantaque
1164 975 1289 1011 non
1306 959 1457 1012 bene
1479 962 1806 1012 exercitatis
1827 962 2060 1012 eveniat
2080 959 2410 1021 difficultaS,

203 1044 383 1080 nemo
403 1028 509 1080 nisi
529 1029 632 1081 diu
651 1032 713 1081 in
733 1029 846 1081 hac
861 1030 1219 1083 Mechanica
1232 1030 1625 1083 Astronomiae
1638 1030 1906 1096 palaes'tra
1918 1031 2118 1083 sedulo
2132 1031 2409 1090 versatus,

204 1099 307 1152 sibi
334 1100 682 1165 persuadere
711 1101 944 1166 poterit)
975 1101 1365 1153 nihilominus
1391 1109 1593 1154 tamen
1619 1118 1691 1154 ex
1716 1109 1840 1155 tam
1865 1102 2105 1168 angusto
2131 1105 2412 1167 temporis

203 1171 532 1232 interva110,
573 1173 733 1237 quod
765 1172 822 1225 18
854 1172 1056 1225 saltem
1087 1172 1496 1238 scrupulorum
1531 1174 1869 1234 assumebaS,
1908 1173 2242 1238 parallaxes
2274 1189 2411 1239 quae

203 1242 433 1295 tantillo
452 1249 716 1308 tempore
731 1243 1130 1296 insensibiliter
1142 1247 1464 1305 variantur,
1485 1244 1818 1297 sensibiliter
1832 1244 2153 1297 discernere
2167 1246 2411 1310 impossi-

203 1314 319 1366 bile
341 1322 480 1367 erat.
502 1315 760 1380 Ideoque
782 1315 925 1367 dum
944 1321 1141 1367 motus
1159 1317 1377 1381 proprij
1401 1316 1824 1380 impedimenta
1838 1319 2117 1381 temporis
2130 1316 2411 1369 brevitate

204 1385 500 1438 declinare
520 1385 710 1438 visum
728 1386 852 1446 fuit,
874 1392 997 1439 tota
1015 1402 1107 1438 res
1128 1387 1204 1438 ad
1223 1386 1731 1451 impossibilitatem
1752 1387 2056 1451 quandam
2070 1386 2303 1440 redac‘ta
2318 1387 2409 1439 est.

205 1457 336 1509 Nos
348 1457 486 1510 sane
501 1457 655 1510 ultra
668 1457 903 1509 vicesies
918 1473 1052 1510 eam
1073 1457 1708 1511 REGIOMONTANI
1727 1461 1791 1510 in
1811 1458 2202 1511 discernendis
2222 1458 2412 1523 paral-

204 1528 436 1581 laxibus
462 1531 769 1590 rationem,
797 1544 870 1581 ex
897 1529 1132 1581 diversis
1159 1535 1214 1581 et
1240 1528 1372 1581 satis
1399 1532 1568 1581 certis
1595 1528 2115 1591 observationibuS,
2142 1545 2267 1581 non
2291 1544 2411 1581 me-

205 1600 388 1652 diocri
409 1599 516 1664 (uti
529 1599 656 1664 scis)
677 1600 896 1661 labore,
916 1603 980 1652 in
999 1615 1282 1652 numeros
1298 1600 1659 1653 resolvimus,
1681 1601 1761 1653 At
1774 1600 2067 1665 nusquam
2080 1600 2413 1666 parallaxin

204 1673 541 1723 invenimus
561 1677 804 1732 tantam,
826 1678 1114 1736 quantam
1134 1672 1306 1724 Luna
1326 1675 1504 1724 etiam
1518 1688 1555 1724 a
1568 1675 1735 1724 terris
1755 1673 2126 1725 remotissima
2146 1672 2411 1732 admittit,

202 1742 609 1807 saepenumero
640 1746 818 1795 etiam
846 1743 1092 1795 nullam.
1123 1743 1383 1808 Ideoque
1411 1746 1527 1795 tuis
1556 1744 1799 1809 placitiS,
1831 1746 2009 1796 etiam
2038 1759 2173 1795 cum
2204 1743 2412 1796 eadem

203 1813 484 1866 methodo
519 1814 881 1879 (utquamvis
912 1814 1263 1867 subtilissimo
1296 1817 1542 1880 negocio
1571 1818 1770 1867 minus
1799 1814 2146 1879 sufficienti),
2181 1831 2300 1880 qua
2330 1821 2411 1876 tu,

203 1884 339 1938 usus
369 1886 553 1947 essem,
582 1885 930 1938 subscribere
960 1902 1085 1938 non
1112 1889 1294 1951 potui.
1326 1887 1454 1938 Nec
1481 1889 1658 1939 etiam
1687 1886 1954 1951 idipsum,
1986 1886 2146 1951 quod
2172 1886 2248 1939 ad
2274 1901 2410 1938 con-

203 1955 602 2009 firmationem
626 1956 806 2009 huius
832 1957 1146 2023 subiungiS,
1175 1974 1248 2010 ex
1274 1957 1409 2010 coeli
1434 1957 1706 2010 videlicet
1729 1958 2089 2010 mediatione
2115 1973 2252 2009 cum
2272 1957 2411 2009 Vul-

202 2023 397 2096 tu-ssris
422 2028 635 2090 lucida,
661 2028 997 2093 parallaxin
1023 2029 1408 2094 comprobare
1434 2028 1688 2094 possibile
1715 2035 1854 2081 erat.
1882 2029 2044 2081 Nam
2071 2028 2292 2081 etiamsi
2315 2044 2410 2080 eo-

203 2115 338 2152 rum
356 2099 526 2152 simul
544 2115 648 2165 per
667 2099 1066 2153 meridianum
1084 2100 1370 2159 transitus,
1393 2103 1495 2164 qui
1514 2100 1770 2152 interdiu
1788 2107 1928 2152 tunc
1947 2099 2139 2161 fiebat,
2162 2098 2410 2164 aspedia-

202 2170 334 2223 bilis
354 2170 551 2232 fuisset,
571 2171 922 2236 parallaxin,
943 2171 1050 2223 nifi
1068 2171 1242 2237 plura
1261 2172 1510 2224 adessent
1524 2171 1677 2233 data,
1698 2171 1837 2224 hinc
1851 2186 2030 2223 nemo
2044 2171 2168 2223 ulla
2181 2173 2410 2223 ratione

203 2242 447 2308 colliget,
469 2249 533 2295 ut
551 2258 656 2308 per
676 2245 968 2295 incuriam
987 2245 1051 2294 in
1068 2249 1173 2295 tua
1193 2242 1432 2295 Dialexi
1451 2245 1602 2295 inter
1619 2245 2036 2308 occupationes
2050 2242 2198 2295 alias
2212 2245 2411 2294 minus

203 2313 559 2366 considerate
586 2314 840 2366 docuisti.
872 2313 1051 2378 Quod
1076 2329 1218 2366 vero
1243 2314 1564 2378 parallaxis
1589 2313 1745 2366 istius
1773 2314 2040 2367 Cometae
2070 2329 2195 2366 non
2223 2313 2412 2366 solum

202 2391 367 2437 tanta
394 2400 519 2437 non
546 2384 736 2446 fuerit,
766 2384 862 2437 sed
888 2400 964 2437 ne
992 2385 1233 2450 quidem
1257 2385 1512 2437 multum
1538 2385 1944 2450 perceptibilis,
1974 2385 2251 2438 testantur
2279 2400 2410 2450 pro-

202 2459 348 2521 priae
367 2463 487 2508 tuae
508 2455 958 2518 observationeS,
980 2471 1129 2521 quas
1149 2459 1214 2508 in
1233 2456 1511 2522 distantijs
1529 2456 1796 2508 Cometae
1811 2457 1884 2509 ab
1901 2471 2002 2509 ore
2018 2456 2213 2522 Pegasi
2231 2456 2410 2521 pluri-

203 2528 313 2580 bus
333 2525 646 2580 interiediis
665 2526 845 2589 horiS,
865 2530 1182 2580 minimum
1200 2534 1401 2580 tamen
1420 2530 1639 2580 variari
1659 2527 2100 2593 deprehendisti,
2121 2535 2185 2579 ut
2204 2542 2412 2579 revera

203 2599 280 2651 ob
299 2599 358 2651 id
378 2598 730 2663 parallaxin,
751 2598 792 2650 fi
812 2614 933 2664 qua
951 2598 1074 2660 fuit,
1098 2601 1372 2664 exiguam
1393 2600 1513 2660 esse,
1535 2599 1858 2663 orbemque
1878 2599 2066 2651 Lunae
2086 2598 2411 2663 plurimum

204 2671 535 2734 exuperasse
557 2670 887 2732 Cometam,
913 2671 1010 2722 vel
1035 2673 1150 2723 tuis
1177 2670 1508 2730 observatiS,
1536 2671 1749 2734 quibus
1775 2678 1977 2722 tamen
1997 2672 2291 2722 contraria
2310 2669 2409 2721 ad-

202 2741 488 2803 mittebaS‚
505 2744 776 2794 convinci
790 2742 964 2806 possit.
980 2741 1150 2802 Haec,
1166 2745 1430 2806 inquam,
1446 2748 1572 2793 tum
1585 2744 1865 2806 temporis
1880 2741 1952 2793 de
1965 2743 2147 2805 priori
2159 2740 2411 2793 Cometa

203 2814 279 2865 ad
298 2820 354 2865 te
373 2812 683 2878 perscripsi.
705 2813 894 2866 Video
914 2819 1115 2865 autem
1134 2815 1197 2865 in
1216 2812 1331 2865 hoc
1350 2812 1559 2864 ultimo
1577 2812 1783 2877 scripto
1797 2819 1852 2864 te
1867 2811 2170 2864 nobiscum
2184 2811 2408 2872 sentire,

204 2890 260 2936 et
280 2884 652 2937 consideratis
672 2886 760 2949 ijs,
782 2899 931 2949 quas
950 2891 1090 2936 tunc
1106 2886 1386 2949 temporis
1404 2899 1528 2935 non
1547 2883 2073 2944 animadvertebaS,
2096 2885 2409 2935 contrarie-

203 2955 417 3007 tatibus
437 2955 783 3008 sententiam
808 2956 1110 3016 revocasse,
1138 2957 1341 3019 reique
1361 2954 1710 3020 vestigandae
1736 2954 2018 3007 nucleum
2042 2956 2298 3019 penitius
2323 2956 2408 3005 in-

202 3027 428 3087 venisse,
457 3030 659 3091 quain
679 3042 741 3078 re
760 3027 864 3079 tibi
885 3033 939 3079 et
958 3029 1217 3078 veritatis
1238 3025 1601 3078 amatoribus
1629 3025 1755 3090 (qui
1774 3032 1877 3078 tua
1897 3028 2209 3078 autoritate
2230 3024 2408 3086 abuti,

205 3104 260 3149 et
286 3096 788 3150 observationibus
815 3113 884 3150 ac
910 3097 1312 3149 demonstratis
1338 3100 1537 3148 minus
1564 3097 1857 3162 exquisitis
1884 3097 2097 3150 adduci
2122 3103 2409 3162 poterant,

203 3175 267 3220 ut
280 3167 438 3220 falsae
453 3168 971 3233 Peripateticorum
986 3168 1058 3220 de
1076 3168 1337 3220 Cometis
1353 3170 1620 3233 opinioni
1634 3167 2069 3232 subscriberent)
2085 3168 2410 3233 plurimum

204 3238 479 3305 gratulor.
501 3239 680 3303 Quod
700 3239 776 3291 ad
797 3239 1180 3292 SCULTETI
1201 3239 1738 3309 demonstrationes,
1760 3255 1896 3304 quae
1917 3239 2169 3292 eandem
2188 3239 2309 3291 fere
2329 3245 2407 3290 te-

205 3325 340 3362 cum
354 3310 688 3374 parallaxin
699 3309 1044 3370 inferebant,
1057 3313 1276 3371 attinet,
1291 3326 1426 3363 cum
1438 3313 1660 3363 incerto
1673 3310 1991 3363 fulciantur
2004 3310 2408 3369 fundamentO,

203 3380 468 3446 falsisque
483 3381 631 3433 datis
645 3380 1106 3446 superstruantur
1127 3381 1308 3446 (nam,
1324 3388 1387 3434 ut
1401 3381 1521 3434 alia
1534 3388 1780 3443 taceam,
1802 3381 2139 3447 impossibile
2155 3388 2279 3433 erat
2287 3380 2407 3502 tCo-

345 3462 369 3498 ⁹
2188 3467 2284 3503 me
2310 3467 2408 3502 arn
