2644 4030
250 300 355 353 204
603 371 616 383 ο
784 294 1221 349 EPISTOLAE
1246 292 1919 347 ASTRONOMICAE

251 441 470 495 absona
489 442 551 491 in
570 439 764 490 lucem
785 437 957 490 edere
978 435 1233 501 amplius
1252 435 1581 500 praesumat,
1602 450 1678 487 ne
1698 434 1945 499 seipsum
1964 434 2248 500 suamque
2269 434 2450 487 existi-

250 514 574 565 mationem
593 509 724 561 labe
745 508 1021 574 aspergat.
1043 508 1195 559 Haec
1217 513 1271 559 et
1290 506 1463 570 plura
1481 505 1849 567 eiuscemodi,
1871 521 2007 571 quae
2020 508 2288 559 invenies
2301 508 2365 558 in
2379 521 2452 558 ea

250 580 716 641 tractatiuncula,
738 595 858 644 qua
870 578 1336 631 WINCHLERI
1353 580 1553 641 inepta
1567 583 1622 629 et
1636 572 1657 645 ΙΙ
1671 579 1942 642 imperita
1954 577 2171 641 placita
2183 577 2449 639 cribravi,
2492 587 2520 629 7
2529 595 2551 614 v

252 659 403 706 certe
423 667 548 704 non
567 666 691 716 prae
710 651 766 702 se
785 650 995 709 ferunt,
1022 665 1119 701 me
1138 651 1393 701 nimium
1412 648 1497 700 illi
1516 647 1781 708 tribuisse,
1809 655 1911 700 aut
1930 647 2105 712 ipfius
2125 646 2452 700 doctrinam

251 725 383 790 plus
412 722 557 775 iusto
588 722 856 774 extulisse.
891 721 1104 785 Neque
1135 723 1313 772 etiam
1341 722 1518 771 nimis
1546 718 1814 771 ferociter
1843 725 1945 771 aut
1972 719 2153 784 rigide
2183 734 2320 771 cum
2347 718 2450 771 illo
2499 735 2522 771 5

252 795 546 861 agendum
561 793 703 845 duxi
717 799 819 845 aut
833 794 1112 857 convicijs
1126 791 1634 856 proscindendum,
1648 797 1712 842 ut
1725 805 1885 843 nunc
1900 790 2247 855 quibusdam
2259 789 2451 842 Theo-

250 865 508 931 logastris
527 880 635 929 pro
655 879 821 915 more
842 863 933 923 est,
955 862 1461 927 quemadmodum
1482 864 1660 913 etiam
1675 867 1869 913 tecum
1882 860 2015 913 fecit
2028 861 2341 926 impudens
2354 860 2453 913 ille

253 934 776 989 RAYMUNDUS.
799 934 946 987 Sunt
961 936 1122 986 enim
1136 931 1288 986 docti
1300 935 1428 993 viri,
1449 939 1579 985 utut
1593 935 1655 984 in
1669 932 1965 997 aliquibus
1979 934 2230 997 graviter
2241 934 2451 997 impin-

252 1014 405 1074 gant,
420 1007 758 1059 humaniter
774 1012 828 1058 et
839 1006 1142 1058 moderate
1156 1003 1643 1069 reprehendendi.
1662 1003 1959 1056 Homines
1973 1006 2133 1056 enim
2145 1003 2362 1065 sumus,
2378 1003 2452 1056 ab

254 1079 547 1132 erroribus
567 1080 631 1129 in
650 1077 763 1130 hac
784 1077 1007 1129 caduca
1027 1082 1081 1128 et
1100 1075 1299 1128 multis
1321 1074 1764 1128 obscuritatibus
1780 1074 2048 1127 involuta
2061 1090 2130 1127 ac
2144 1077 2456 1139 inquinata

252 1153 373 1203 vita
386 1149 619 1215 prorsus
634 1151 930 1201 immunes
946 1149 1048 1200 esse
1062 1163 1186 1200 non
1203 1148 1513 1212 possumuS.
1535 1146 1836 1198 Beatiores
1855 1145 2073 1207 saltem,
2095 1148 2197 1210 qui
2215 1148 2453 1211 paucio-

253 1221 413 1274 ribus
435 1227 489 1273 et
508 1220 836 1273 minoribus
857 1220 1095 1284 obnoxij
1118 1219 1262 1270 sunt.
1285 1218 1418 1270 Scio
1438 1218 1571 1270 satis
1592 1218 1867 1282 equidem
1881 1216 2456 1270 WINCHLERUM

253 1293 510 1359 plurima
528 1308 559 1344 e
576 1298 680 1344 tua
697 1291 935 1343 Dialexi
955 1290 1056 1343 fibi
1076 1291 1357 1355 arrogasse
1379 1295 1434 1341 et
1452 1305 1577 1342 non
1595 1288 1730 1341 satis
1749 1286 2042 1341 intellec'la
2060 1287 2457 1353 multipliciter

255 1365 600 1429 depravasse‚
622 1363 875 1427 ideoque
896 1368 952 1414 et
971 1377 1078 1427 ego
1098 1377 1226 1427 pag.
1239 1361 1344 1413 446
1363 1360 1613 1425 idipsum
1631 1359 1906 1412 brevibus
1925 1359 2185 1412 indicare
2198 1359 2380 1421 volui,
2401 1364 2458 1412 et

255 1451 391 1500 quae
410 1437 474 1487 in
495 1435 745 1487 Cometa
764 1431 1151 1486 anni8011¹ivab
1177 1432 1280 1485 illo
1306 1433 1645 1497 ineptissime
1672 1432 1965 1484 commissa
1989 1433 2054 1483 in
2079 1433 2455 1483 annotatiun-

256 1507 390 1559 cula
410 1506 670 1572 quadam
690 1505 928 1557 Dialexi
947 1511 1067 1557 tuae
1087 1503 1460 1569 locupletatae
1481 1506 1635 1556 circa
1652 1502 1968 1568 Epistolam
1982 1502 2058 1555 ad
2072 1502 2380 1555 MILIUM
2402 1508 2457 1554 et

255 1578 404 1630 mihi
434 1579 884 1630 communicatae
914 1576 1240 1636 addideraS,
1269 1574 1403 1627 satis
1432 1575 1839 1627 animadverti.
1865 1574 2090 1626 Verum
2119 1589 2226 1639 ego
2255 1573 2328 1626 de
2356 1573 2458 1625 ista

257 1649 623 1708 absurditate,
651 1664 771 1713 qua
791 1648 1059 1701 Cometae
1078 1647 1164 1698 illi
1183 1646 1521 1699 Parallaxin
1546 1647 1603 1698 15
1628 1645 1749 1698 fere
1775 1645 2067 1710 graduum
2086 1646 2262 1705 assuit,
2291 1651 2346 1697 et
2370 1646 2457 1697 ni-

256 1720 582 1773 hilominus
601 1719 775 1784 longe
794 1719 968 1784 supra
988 1719 1222 1771 Lunam
1242 1717 1504 1778 collocat,
1533 1716 1700 1769 nolui
1719 1719 1783 1768 in
1801 1716 1951 1769 libro
1970 1716 2242 1776 secunde,
2263 1716 2365 1768 ubi
2385 1715 2457 1767 de

259 1792 510 1845 Cometa
529 1793 672 1843 anni
692 1792 760 1843 77
783 1806 855 1842 ex
874 1789 1115 1855 professo
1136 1792 1340 1854 agitur,
1362 1788 1549 1841 ullam
1567 1791 1932 1840 mentionem
1950 1787 2160 1849 facere,
2182 1789 2457 1839 conveni-

259 1865 451 1915 entius
472 1862 709 1921 ducens,
730 1862 789 1913 id
803 1864 866 1914 in
879 1861 1218 1925 sequentem
1231 1862 1466 1912 tertium
1479 1859 1755 1921 Tomum,
1776 1859 1879 1912 ubi
1891 1858 2148 1911 aliorum
2161 1858 2234 1910 de
2248 1858 2460 1911 eodem

258 1937 402 1987 anni
416 1931 546 1986 80¹ni
561 1933 813 1986 Cometa
828 1932 1127 1985 sententiae
1146 1931 1249 1983 sub
1269 1931 1546 1983 incudem
1558 1933 1817 1983 veritatis
1830 1930 2182 1982 revocandae
2195 1932 2458 1990 veniunt,

258 2005 568 2065 reservare,
584 2020 659 2056 ne
675 2003 934 2056 confufio
949 2003 1153 2068 aliqua
1166 2002 1504 2055 inordinata
1516 2005 1580 2054 in
1593 2002 1686 2054 his
1701 2004 2174 2062 committeretur,
2190 2016 2326 2053 cum
2339 2016 2459 2053 me-

257 2076 490 2128 thodice
511 2078 716 2128 omnia
734 2074 1037 2128 traetanda
1055 2074 1176 2127 fint.
1198 2074 1337 2134 Illic,
1360 2089 1496 2125 cum
1514 2073 1689 2138 ipfius
1711 2088 1949 2138 quoque
1963 2072 2195 2138 prolata
2207 2071 2458 2137 disquisi-

257 2163 417 2208 vero‚
446 2147 576 2199 haec
603 2149 782 2199 etiam
806 2149 994 2198 nimia
1018 2146 1361 2211 ineptitud0‚
1393 2147 1539 2210 quin
1563 2145 1866 2205 indicetur,
1896 2160 2020 2197 non
2048 2143 2461 2209 praetereunda

260 2222 381 2271 erit.
402 2218 496 2271 Tu
515 2219 695 2270 modo
717 2217 899 2278 effice,
924 2223 987 2270 ut
1009 2219 1301 2283 integrum
1322 2219 1449 2269 eius
1468 2216 1743 2281 scriptum
1762 2216 1833 2268 de
1855 2215 2067 2279 eodem
2087 2215 2337 2268 Cometa
2356 2214 2460 2267 ha-

258 2291 448 2350 beam,
475 2297 602 2342 tum
623 2292 799 2342 etiam
823 2289 1095 2349 aliorum,
1124 2294 1413 2353 quotquot
1438 2286 1722 2341 hac'tenus
1747 2285 1953 2340 nactus
1980 2302 2058 2339 eS.
2086 2286 2237 2339 Satis
2261 2289 2461 2351 itaque

259 2361 394 2414 forti
414 2361 659 2413 dolabra
678 2377 716 2413 a
733 2376 829 2413 me
851 2360 1157 2413 dedolatus
1185 2359 1260 2412 est
1277 2358 1837 2419 WINCHLERUS,
1863 2374 1972 2410 nec
1998 2360 2210 2410 acriori
2233 2355 2461 2423 pectine

263 2433 640 2497 depexendus
661 2439 799 2493 erat,
827 2432 933 2483 nifi
954 2437 1008 2483 et
1028 2438 1222 2484 cutem
1242 2437 1297 2483 et
1317 2434 1505 2483 crines
1524 2430 1628 2495 ipfi
1646 2429 1879 2495 prorsus
1899 2428 2170 2490 avellere,
2195 2429 2355 2494 quod
2374 2431 2461 2481 in-

260 2504 595 2556 humanum
623 2503 787 2565 foret,
818 2504 1097 2555 decuisset.
1128 2503 1256 2555 Nec
1284 2501 1535 2567 prorsuS,
1564 2501 1698 2554 licet
1726 2502 1785 2554 id
1810 2503 2054 2553 meritus
2080 2506 2219 2561 erat,
2249 2500 2324 2552 ob
2353 2502 2459 2552 im-

260 2577 509 2640 peritam
531 2581 585 2626 et
605 2578 866 2639 ineptam
887 2575 959 2626 de
979 2574 1081 2626 isto
1098 2574 1348 2627 Cometa
1368 2573 1734 2633 decifionem,
1754 2572 1924 2624 illum
1942 2574 2241 2637 praeterire
2261 2567 2282 2640 ΙΙ
2302 2577 2461 2636 pote-

261 2662 406 2706 ram,
427 2646 710 2711 fiquidem
729 2649 793 2698 in
812 2646 934 2711 ipso
954 2645 1136 2697 libelli
1149 2645 1504 2710 frontispicio
1521 2645 1927 2697 Geometricas
1942 2643 2462 2696 demonstrationes

261 2718 659 2782 praetendebat
680 2724 736 2770 et
754 2720 909 2769 intra
930 2717 1186 2769 eundem
1206 2716 1399 2768 nescio
1420 2731 1569 2780 quas
1589 2717 2128 2780 argumentationes
2149 2713 2463 2779 pomposas

264 2804 336 2840 ex
350 2787 834 2841 ARISTOTELE
849 2795 904 2840 et
917 2788 1323 2840 Parallaxibus
1342 2790 1540 2839 minus
1559 2787 1710 2839 bene
1730 2783 2033 2838 intellectis
2052 2801 2176 2850 prae
2196 2785 2252 2837 se
2271 2785 2461 2845 ferret,

264 2860 476 2924 quibus
496 2862 746 2912 incautis
768 2866 821 2911 et
841 2875 967 2911 rem
987 2859 1143 2912 hanc
1162 2861 1417 2924 penitius
1436 2874 1561 2910 non
1581 2857 2034 2923 intelligentibus
2051 2856 2253 2908 fucum
2269 2855 2461 2908 facere

265 2937 320 2982 et
344 2930 514 2983 facile
540 2933 846 2995 imponere
871 2932 1059 2996 posset.
1089 2930 1455 2983 Condonetis
1480 2932 1679 2994 itaque
1705 2936 1769 2981 tu
1797 2935 1851 2980 et
1877 2928 1975 2994 alij
1997 2931 2109 2980 viri
2127 2927 2463 2992 praestantes

265 3001 554 3066 huiusque
581 3005 666 3054 rei
690 3005 877 3067 magis
903 3002 1306 3067 intelligenteS,
1335 3001 1495 3065 quod
1519 3001 1674 3053 latus
1701 3000 1973 3052 claudere
1993 2999 2161 3051 vobis
2185 2999 2464 3050 ultimum

265 3072 350 3123 illi
371 3074 751 3134 concesserim,
779 3089 921 3125 nam
943 3080 997 3125 et
1016 3073 1131 3125 hoc
1151 3074 1288 3125 data
1309 3088 1491 3137 opera
1509 3072 1635 3133 feci,
1664 3087 1800 3124 cum
1826 3071 2076 3136 digniori
2100 3070 2233 3122 loco
2255 3071 2464 3135 reponi

266 3159 390 3195 non
408 3150 746 3196 mereretur.

340 3214 453 3266 Sed
474 3221 528 3265 et
549 3230 655 3279 ego
675 3215 843 3267 illum
864 3231 1023 3268 nunc
1042 3215 1240 3267 valere
1263 3214 1465 3275 finam,
1493 3221 1548 3266 et
1572 3216 1815 3279 propius
1841 3213 1916 3265 ad
1941 3219 2044 3265 tua
2068 3214 2307 3277 propria
2331 3226 2462 3276 pro-

267 3285 403 3345 lata,
419 3300 553 3349 quae
567 3288 808 3337 maioris
822 3289 1108 3338 momenti
1121 3286 1251 3337 sunt
1265 3292 1320 3338 et
1334 3285 1793 3337 consideratione
1809 3285 2091 3349 digniora,
2109 3282 2463 3348 progrediar.

268 3357 702 3421 Acceptissimus
720 3356 868 3408 mihi
887 3356 996 3409 fuit
1010 3363 1146 3409 tuus
1159 3357 1257 3408 ille
1272 3357 1493 3409 candor
1508 3363 1563 3409 et
1576 3358 1890 3421 integritaS,
1913 3355 2073 3420 quod
2086 3370 2182 3407 me
2196 3357 2259 3406 in
2271 3352 2463 3419 pleris-

2349 3439 2463 3488 que

2501 935 2530 980 ·1·

2507 1090 2550 1126 10

2510 1447 2552 1482 15

2509 2159 2555 2194 25

2510 2872 2556 2907 35
