2664 4030
275 298 343 350 66
809 295 1248 349 EPISTOLAE
1273 295 1944 350 ASTRONOMICAE

274 447 495 492 metam
515 455 586 491 eo
608 438 701 491 die
722 455 858 491 cum
877 441 949 504 ijs
968 438 1117 500 fixis,
1145 454 1294 503 quas
1313 439 1552 499 assumit,
1579 438 1752 504 supra
1771 439 2165 491 Horizontem
2184 442 2247 491 in
2267 440 2477 492 eodem

275 511 506 563 extitisse
533 510 751 562 circulo
770 505 1096 579 veruca-nli,
1124 516 1179 562 et
1203 509 1498 562 stellarum
1525 513 1718 571 etiam,
1747 526 1928 575 quam
1953 509 2366 575 praesupponit,
2394 510 2475 563 di·
2513 518 2590 562 14Γ

273 582 479 634 stantia
503 581 637 646 plus
662 579 691 636 Ξ
715 584 895 634 unius
919 581 1133 647 gradus
1161 596 1410 633 erronea
1434 580 1513 643 fit,
1541 588 1604 633 ut
1630 581 1702 634 de
1730 584 1953 634 caeteris
1978 581 2117 634 hinc
2138 584 2269 646 quis
2288 580 2475 642 facile,

275 654 416 718 quid
435 653 802 705 sentiendum
825 652 903 713 fit,
929 652 1182 718 colligat)
1203 654 1449 704 minime
1470 667 1570 704 eas
1589 668 1696 717 pro
1716 656 1959 705 veritate
1978 652 2316 718 indaganda
2335 655 2476 704 reci-

273 724 537 789 piendas,
566 724 670 776 suo
699 723 831 776 loco
861 723 1113 776 dilucide
1141 722 1525 776 ostendemus
1557 723 1865 787 Quantum
1891 739 2033 776 vero
2059 724 2135 776 ad
2160 723 2320 776 hunc
2347 723 2476 775 ulti·
2526 739 2548 774 5

273 811 441 848 mum
456 795 785 855 Cometam,
808 797 910 859 qui
930 809 1091 846 anno
1111 794 1182 846 80
1200 793 1367 854 fulsit,
1388 797 1607 856 attinet,
1628 794 1843 847 videris
1862 795 2011 847 mihi
2029 794 2270 860 scopum
2289 794 2478 860 ipsum

273 867 446 932 longe
463 865 720 918 exactius
735 866 983 930 attigisse,
999 871 1054 917 et
1068 865 1409 917 certioribus
1420 864 1920 918 observationibus
1932 869 2016 918 rei
2027 868 2333 919 veritatem
2345 881 2476 930 pro-

273 937 525 990 babilius
546 936 964 989 demonstrasse.
992 936 1060 988 In
1081 936 1295 1000 quibus
1315 935 1374 987 id
1393 935 1595 988 saltem
1615 936 1691 988 ad
1713 936 2057 1001 exquisitam
2075 937 2479 1002 praecifionem

272 1011 527 1073 penitius
553 1007 1013 1073 investigandam
1040 1006 1444 1068 defiderarem,
1474 1014 1538 1059 ut
1563 1014 1759 1059 motus
1785 1010 2003 1073 proprij
2034 1008 2301 1060 Cometae
2328 1011 2478 1060 inter

272 1081 442 1132 binas
463 1079 895 1131 observationes
920 1081 1311 1130 mutationem
1337 1093 1461 1130 non
1487 1078 1835 1143 neglexisseS.
1865 1079 2022 1132 Cum
2046 1082 2206 1131 enim
2226 1079 2479 1132 Cometa
2531 1095 2573 1130 10

272 1150 584 1203 intervallo
605 1151 860 1202 duarum
879 1149 1166 1201 horarum
1187 1165 1258 1201 eo
1280 1150 1374 1201 die
1394 1152 1458 1201 in
1476 1149 1579 1201 suo
1602 1150 1822 1202 circulo
1842 1150 1934 1203 27⁴
1957 1150 2176 1214 (motus
2195 1150 2479 1215 liquidem

273 1222 521 1274 diurnus
547 1237 583 1274 a
609 1221 779 1273 nobis
804 1224 1081 1273 inventus
1108 1220 1182 1272 est
1209 1217 1272 1273 5p
1291 1220 1360 1272 23
1370 1217 1423 1284 ¹¹²)
1450 1220 1650 1273 locum
1674 1224 2005 1283 mutaverit,
2032 1221 2187 1274 hanc
2208 1220 2478 1274 differen-

271 1296 432 1354 tiam,
447 1293 488 1344 fi
502 1308 594 1344 res
604 1292 840 1357 praecise
852 1290 1156 1345 tractanda
1166 1291 1330 1353 foret,
1346 1307 1470 1343 non
1480 1292 1955 1357 praetereundam
1966 1293 2179 1354 iudico,
2193 1295 2479 1357 quoniam

274 1380 346 1416 ex
365 1366 627 1416 minimis
646 1363 761 1416 hoc
781 1363 913 1416 loco
934 1363 1006 1415 de
1027 1363 1200 1428 longe
1220 1363 1545 1415 maioribus
1565 1366 2004 1416 ratiocinamur.
2026 1364 2478 1416 Instrumentum

273 1439 451 1488 etiam
472 1436 546 1488 ob
567 1435 642 1495 id,
665 1451 784 1500 quo
805 1435 1143 1487 altitudines
1164 1437 1340 1499 capis,
1369 1450 1505 1486 cum
1526 1435 1681 1487 dena
1701 1442 1803 1487 aut
1823 1438 2007 1500 quina
2026 1438 2258 1488 minuta
2277 1435 2479 1487 saltem
2531 1451 2573 1486 15

273 1507 555 1567 admittat,
586 1509 649 1558 in
676 1513 799 1558 tam
827 1505 1018 1558 subtili
1046 1506 1322 1571 indagine
1352 1509 1597 1558 minime
1623 1505 1914 1559 sufficiens
1942 1507 2045 1559 esse
2074 1509 2300 1572 poterit.
2332 1506 2479 1559 Sunt

272 1585 473 1631 tamen
492 1585 611 1630 tuae
633 1577 1066 1630 observationes
1081 1584 1137 1629 et
1150 1577 1242 1629 his
1256 1579 1479 1629 innixae
1494 1578 2015 1630 demonstrationes
2037 1577 2337 1637 eiusmodi,
2359 1584 2422 1630 ut
2438 1577 2480 1629 fi

272 1649 411 1701 hinc
425 1665 549 1701 non
565 1649 858 1714 exquisite,
878 1656 1021 1713 quot
1033 1651 1401 1700 minutorum
1414 1648 1587 1700 fuerit
1600 1649 1936 1713 parallaxiS,
1955 1656 2009 1701 et
2026 1652 2089 1701 in
2106 1665 2226 1714 quo
2243 1648 2478 1714 praecise

273 1722 506 1773 orbium
528 1720 848 1772 coelestium
866 1720 1192 1772 versaretur
1213 1719 1464 1772 Cometa
1489 1719 1604 1780 ille,
1632 1720 1708 1773 ad
1734 1721 1997 1773 amussim
2018 1720 2276 1773 constare
2302 1721 2477 1785 possit,

272 1798 499 1844 tantam
518 1798 719 1843 tamen
741 1790 915 1852 fuisse,
942 1798 1006 1843 ut
1026 1791 1214 1843 Lunae
1234 1790 1516 1844 inferiora
1534 1807 1659 1843 non
1677 1798 2022 1856 permearet,
2051 1794 2236 1844 cuivis
2261 1791 2478 1844 harum
2527 1807 2573 1842 20

272 1878 471 1915 rerum
500 1866 686 1927 perito
715 1878 840 1914 non
869 1878 1022 1928 aegre
1051 1861 1400 1927 persuadere
1429 1865 1699 1927 poterint.
1731 1862 2039 1927 Quantum
2065 1863 2141 1916 ad
2167 1862 2387 1915 nostras
2415 1865 2479 1914 in

272 1934 386 1986 hoc
401 1934 653 1987 Cometa
667 1933 1100 1986 observationes
1115 1936 1334 1995 attinet,
1352 1949 1552 1986 meam
1564 1933 1911 1987 sententiam
1923 1940 2048 1986 tum
2063 1937 2342 1999 temporis
2355 1949 2479 1986 non

271 2008 470 2057 minus
491 2020 673 2070 quam
692 2008 815 2057 iam
833 2021 937 2070 per
950 2005 1149 2057 literas
1161 2004 1265 2057 tibi
1277 2004 1551 2066 indicavi,
1565 2005 1834 2057 videlicet
1847 2021 1943 2057 me
1957 2011 2079 2058 toto
2094 2008 2479 2071 apparitionis

271 2085 552 2142 tempore,
575 2092 648 2128 ex
668 2077 944 2129 omnibus
965 2083 1020 2128 et
1041 2075 1440 2128 diverfimodis
1462 2076 1898 2141 exquisitissimis
1918 2076 2328 2138 instrumentis,
2353 2076 2477 2129 dili-

271 2155 472 2214 genter
485 2147 699 2200 habitis
714 2154 769 2200 et
784 2150 1135 2200 examinatis
1149 2146 1668 2208 observationibuS‚
1682 2147 1862 2201 huius
1875 2148 2142 2201 Cometae
2156 2147 2478 2200 notabilem
2526 2164 2572 2199 2⁵

272 2219 537 2284 aliquam
551 2214 571 2287 ΙΙ
586 2218 742 2271 fuisse
757 2219 1106 2285 parallaxin,
1121 2218 1414 2283 nusquam
1426 2222 1724 2284 percipere
1738 2220 1991 2285 potuisse.
2014 2219 2174 2272 Nam
2188 2226 2252 2272 ut
2266 2225 2479 2271 caetera
2514 2226 2597 2270 14v

273 2290 698 2355 (commodiore
718 2290 850 2343 loco
871 2289 1418 2354 commemoranda)
1439 2297 1683 2351 taceam,
1706 2297 1862 2343 certo
1883 2290 2243 2355 deprehendi
2264 2291 2476 2343 Come-

271 2368 394 2414 tam
419 2361 605 2422 illum,
632 2364 840 2414 tamin
864 2362 1221 2423 Meridian0‚
1249 2376 1385 2413 cum
1411 2361 1707 2414 altissimus
1734 2363 1876 2423 esset,
1904 2377 2086 2426 quam
2111 2364 2276 2414 iuxta
2299 2362 2476 2414 Hori-

272 2439 509 2485 zontem
540 2435 603 2484 in
634 2432 756 2498 ipso
787 2431 1005 2498 punc'to
1038 2432 1416 2485 occidentalis
1447 2432 1769 2494 Azimuthi‚
1810 2433 2061 2485 eandem
2094 2433 2371 2498 exquifite
2403 2433 2477 2485 ab

272 2503 598 2568 AEquatore
619 2504 1075 2556 declinationem
1095 2504 1411 2565 obtinuisse,
1438 2503 1544 2555 nifi
1571 2510 1861 2568 quantum
1880 2511 2077 2556 motus
2099 2507 2371 2569 proprius
2390 2507 2476 2556 in·
2526 2520 2572 2556 30

271 2582 449 2635 terea,
471 2575 685 2627 diurno
704 2578 894 2628 motui
913 2574 1386 2640 proportionaliS‚
1410 2590 1544 2626 eam
1563 2578 1894 2636 variaverit,
1917 2575 2076 2640 quod
2090 2575 2219 2628 fieri
2232 2578 2477 2628 minime

271 2649 460 2711 potuit
479 2649 542 2698 in
561 2653 726 2699 tanta
745 2646 1124 2699 altitudinum
1143 2645 1490 2707 differentia,
1513 2645 1555 2697 fi
1576 2645 1852 2699 sensibilis
1872 2646 2074 2711 aliqua
2093 2646 2478 2712 parallaxeoes

273 2717 531 2770 adfuisset
552 2721 864 2782 quantitas.
887 2718 951 2770 Id
970 2717 1159 2783 ipsum
1180 2720 1358 2770 etiam
1378 2724 1505 2769 tum
1525 2717 1801 2770 omnibus
1815 2719 2142 2770 rationibus
2156 2734 2193 2770 a
2207 2717 2475 2771 REGIO-

273 2788 690 2842 MONTANO
719 2791 783 2841 in
811 2789 915 2841 suo
946 2788 1145 2841 libello
1174 2787 1495 2854 propofitiS,
1529 2804 1664 2853 quae
1694 2789 1864 2841 usum
1891 2789 1989 2841 hic
2018 2788 2318 2850 haberent,
2351 2795 2477 2841 tum

274 2860 404 2925 alijs
434 2859 782 2925 quibusdam
811 2858 1200 2913 exactioribus
1230 2866 1285 2912 et
1311 2862 1511 2911 minus
1541 2863 1726 2912 errori
1755 2860 2027 2925 obnoxijs
2056 2876 2093 2912 a
2120 2860 2291 2913 nobis
2323 2862 2477 2913 circa
2524 2875 2572 2911 3⁵

272 2931 668 2995 parallaxium
700 2931 1092 2983 dimensiones
1125 2933 1478 2996 excogitatiS,
1510 2930 1688 2995 plane
1719 2931 1775 2983 se
1808 2931 2017 2984 eodem
2046 2931 2225 2983 modo
2257 2930 2476 2984 habere

276 3010 431 3054 certo
453 3002 965 3067 deprehendimuS,
993 3010 1057 3054 ut
1076 3018 1180 3067 per
1200 3005 1399 3054 ocium
1418 3001 1648 3067 copiose
1668 3001 1853 3054 firmis
1873 3003 2214 3063 rationibuS,
2242 3001 2475 3055 Mathe-

272 3079 435 3125 mata
465 3073 919 3138 intelligentibus
951 3073 1492 3126 demonstrabimus,
1528 3073 1770 3126 Contuli
1803 3075 1981 3126 etiam
2012 3079 2250 3138 accepto
2279 3080 2382 3126 tuo
2410 3073 2475 3125 li-

272 3143 429 3196 bello
450 3144 742 3196 nonnulla
762 3160 898 3196 cum
917 3144 1122 3196 nostris
1143 3143 1644 3196 observationibus
1660 3150 1714 3196 et
1728 3148 1791 3197 in
1804 3147 1875 3210 ijs
1888 3146 2102 3196 miram
2117 3144 2477 3209 deprehendi

274 3217 765 3276 convenientiam,
793 3231 929 3279 quae
954 3216 1031 3268 ad
1056 3215 1452 3281 parallaxium
1476 3215 1880 3268 certitudinem
1902 3214 2373 3268 confirmandam
2392 3214 2474 3268 fa·
2523 3231 2571 3266 40

275 3301 405 3338 cere
419 3292 663 3350 poterat.
679 3286 840 3338 Nam
855 3287 947 3338 die
962 3287 1035 3339 13.
1051 3285 1318 3339 octobris
1330 3302 1466 3338 cum
1479 3286 1729 3339 Cometa
1741 3287 1867 3339 esset
1877 3289 2041 3339 iuxta
2052 3286 2475 3348 Meridianum,

275 3360 401 3409 eius
431 3356 760 3410 distantiam
789 3373 825 3409 a
853 3356 1136 3409 lucidiore
1166 3359 1370 3421 capitis
1399 3357 1594 3423 Pegasi
1623 3364 1745 3410 tam
1774 3357 1960 3410 Radio
1990 3373 2173 3422 quam
2201 3357 2475 3411 Sextante

2068 3428 2476 3482 Astronomico
