2632 4022
88 533 146 578 79

100 1123 141 1157 10

100 1479 142 1513 15

96 1835 143 1870 20

98 2193 144 2227 25

93 2256 152 2300 80

102 2550 148 2584 30

103 2906 149 2941 35

106 3262 153 3296 40

448 297 751 351 TYCHO
779 297 900 350 AD
927 296 1284 350 PETRUM
1311 295 1648 349 IUNIUM
1674 295 1750 349 27
1776 295 1954 348 APR.
1983 295 2126 349 1593
2289 294 2392 347 353

190 438 264 483 [Ex
285 449 440 484 apogra
417 438 562 483 aipho
549 449 593 474 m
614 438 709 475 codi
696 449 759 475 tce
736 439 839 474 exO
817 437 939 475 xieon
917 437 1010 474 eins
997 437 1177 474 iBodlei
1164 447 1263 474 iano
1285 436 1372 474 Smi
1373 437 1418 473 th
1438 436 1501 482 77]

476 508 834 582 PETRO
878 507 1087 581 IUN
1098 507 1216 581 10
1257 506 1654 582 TYCHO
1702 505 2107 580 BRAHE.

435 726 448 749 f
553 682 570 687 “
666 676 773 728 ED
807 675 1103 741 quorsum,
1137 675 1478 728 nobilissime
1510 683 1566 728 et
1597 675 1936 740 amplissime
1964 678 2070 737 vir,
2103 674 2395 727 filentium

412 801 425 816 ‚
510 747 613 807 1422?
665 747 779 800 1100
801 747 935 812 plus
956 763 1139 812 quam
1158 746 1628 813 Pythagoreum?
1655 747 1819 800 Itane
1840 746 2228 799 crebrioribus
2247 748 2395 798 meis

524 831 545 886 ς’
578 843 598 868 κ,
666 820 742 871 ad
755 826 810 871 te
826 819 976 871 datis
993 819 1174 871 literis
1190 817 1342 870 nihil
1358 818 1535 883 plane
1553 816 1954 883 responderis?
1975 818 2153 882 Quod
2170 818 2285 870 five
2299 832 2395 869 ve-

416 920 420 945 1
447 894 471 911 Χ
548 911 568 925 '⁸
664 893 802 942 teris
822 897 1018 942 tecum
1040 893 1203 942 initae
1224 892 1499 943 amicitiae
1521 890 1820 943 oblivione
1840 889 1954 942 five
1975 890 2249 941 ultronea
2267 888 2395 941 scri-

403 959 425 990 '·
555 984 619 1038 3„
664 962 841 1014 bendi
867 962 1278 1013 intermissione
1305 962 1601 1014 acciderit:
1629 977 1666 1013 a
1691 961 1884 1013 nostra
1902 961 1962 1013 id
1982 961 2258 1025 equidem
2283 963 2396 1025 pri-

608 1028 622 1040 “
664 1032 826 1092 stina,
848 1032 1375 1097 quantulacunque
1395 1032 1526 1085 haec
1545 1032 1733 1093 fuerit,
1759 1031 2217 1093 conversatione,
2237 1046 2397 1083 mea-

190 1118 305 1168 que
326 1105 463 1155 inte
484 1102 600 1155 fide
622 1111 677 1156 et
697 1103 1100 1169 expectatione
1121 1104 1530 1156 alienissimum
1555 1103 1778 1156 cense0.
1799 1103 2060 1168 Tempus
2083 1105 2282 1168 itaque
2306 1102 2397 1163 est,

189 1181 253 1227 ut
266 1175 362 1227 vel
375 1190 535 1227 nunc
549 1176 791 1228 tandem
804 1190 909 1241 per
922 1175 1202 1227 nostrates
1216 1175 1293 1227 ad
1306 1191 1414 1227 vos
1427 1175 1763 1240 Ablegatos‚
1783 1182 1906 1227 tam
1920 1174 2237 1227 commoda
2249 1189 2396 1239 prae-

189 1247 382 1299 sertim
397 1246 596 1299 oblata
610 1246 929 1308 occafione,
946 1247 1252 1311 quidpiam
1264 1261 1502 1298 mecum
1515 1246 1819 1298 literarum
1835 1252 2177 1298 commutes.
2194 1244 2400 1310 Scripsi

190 1325 391 1370 autem
417 1318 493 1370 ad
518 1325 591 1379 te,
618 1325 683 1371 ut
709 1326 765 1370 et
790 1318 955 1379 aliaS,
984 1318 1281 1383 superiore
1308 1333 1471 1370 anno
1497 1317 1679 1382 paulo
1706 1324 1843 1370 ante
1870 1320 2240 1382 ingruentem
2265 1316 2398 1368 bru-

189 1405 369 1450 mam,
397 1391 639 1454 unaque
660 1389 996 1455 Elegiacam
1022 1389 1328 1454 quandam
1348 1388 1650 1454 epistolam
1669 1388 2016 1441 serenissimo
2038 1388 2178 1454 Regi
2196 1387 2398 1448 vestm,

190 1469 296 1513 tua
308 1461 415 1525 (uti
427 1460 848 1525 defiderabam)
862 1476 1044 1525 opera
1056 1475 1193 1512 meo
1208 1462 1452 1512 nomine
1466 1459 1725 1512 submisse
1738 1459 2121 1520 offerendam,
2137 1460 2399 1512 adiunxi.

191 1532 346 1597 Quae
367 1539 566 1584 utrum
586 1532 662 1584 ad
681 1539 737 1584 te
757 1531 909 1584 sarta
927 1530 1078 1584 tecta
1097 1534 1487 1597 pervenerint,
1508 1547 1588 1583 an
1607 1530 1892 1597 tabellarij
1910 1530 2058 1583 forte
2072 1533 2302 1583 incuria
2315 1533 2400 1581 in-

190 1604 539 1665 terciderint,
560 1603 711 1655 nihil
729 1606 956 1656 interea
974 1605 1256 1668 temporis
1274 1602 1479 1655 rescire
1492 1605 1676 1667 potui.
1699 1602 1875 1654 Mitto
1889 1605 2088 1667 itaque
2104 1605 2226 1654 iam
2240 1602 2402 1654 aliud

192 1675 451 1728 eiusdem
477 1677 754 1728 carminis
784 1674 1103 1740 exemplar,
1133 1677 1425 1726 maiorem
1454 1677 1518 1726 in
1545 1673 1793 1726 modum
1822 1689 2054 1739 roganS,
2085 1679 2148 1725 ut
2173 1673 2215 1725 fi
2239 1676 2402 1738 prius

191 1746 340 1799 illud
366 1747 442 1799 ad
467 1746 644 1812 ipfius
673 1746 995 1799 Maiestatis
1024 1761 1241 1798 manus
1270 1761 1395 1797 non
1423 1748 1771 1811 pervenerit,
1802 1745 1916 1798 hoc
1946 1745 2199 1797 alterum
2226 1744 2403 1809 ipsius

192 1818 485 1871 Maiestati
519 1818 835 1883 legendum
870 1818 1100 1870 demisse
1137 1817 1432 1878 exhibere,
1468 1823 1690 1882 tuaque
1726 1832 1848 1882 qua
1880 1816 2206 1881 plurimum
2239 1816 2403 1868 vales

192 1888 535 1942 auc‘toritate
557 1896 612 1941 et
631 1889 870 1942 confilio
891 1889 1051 1954 apud
1071 1889 1247 1954 ipfius
1268 1888 1638 1941 Maiestatem
1665 1888 2024 1941 intercedere
2051 1904 2177 1940 non
2202 1888 2402 1952 degra-

191 1977 352 2013 vere:
368 1977 489 2026 quo
502 1963 831 2026 promptius
845 1960 958 2013 hac
972 1963 1035 2012 in
1048 1967 1213 2025 parte
1227 1963 1376 2012 meis
1391 1959 1685 2025 defiderijs
1699 1960 1951 2024 benigne
1965 1959 2211 2012 satisfiat.
2225 1958 2404 2023 Quod

192 2033 234 2085 fi
262 2035 435 2098 igitur
463 2032 659 2098 regale
691 2039 745 2084 01
774 2033 1231 2096 antiquissimum
1260 2031 1375 2084 hoc
1403 2031 1656 2083 studium
1685 2034 1845 2096 regio
1874 2030 1978 2082 suo
2008 2031 2402 2083 condecorare

193 2107 473 2164 carmine,
499 2103 812 2156 favorabili
836 2103 940 2156 sua
966 2119 1104 2168 erga
1127 2118 1225 2155 me
1252 2109 1307 2155 et
1332 2102 1608 2155 sublimes
1634 2102 1744 2154 has
1770 2109 1924 2154 artes
1945 2101 2251 2154 voluntate
2276 2117 2402 2166 per-

193 2182 372 2236 mota,
403 2191 527 2227 non
556 2175 921 2240 dedignetur:
953 2190 1199 2240 operam
1224 2174 1362 2226 sane
1388 2174 1549 2238 apud
1576 2173 1858 2226 candidos
1885 2180 1940 2226 01
1966 2173 2237 2225 cordatos
2263 2172 2404 2225 aesti-

194 2253 453 2300 matores
488 2242 806 2315 in-ssprimis
840 2246 1202 2298 laudabilem
1237 2245 1559 2310 praestiterit
1591 2251 1646 2297 et
1678 2247 1876 2310 eximij
1914 2260 2051 2310 erga
2081 2244 2212 2296 haec
2243 2244 2405 2296 sacra

194 2319 459 2372 Uranica
477 2317 698 2370 favoris
714 2324 1174 2370 monumentum
1192 2317 1494 2382 quoddam
1510 2331 1770 2382 perenne
1787 2318 1909 2381 iugi
1925 2316 2268 2380 posteritatis
2284 2331 2403 2367 me-

193 2392 403 2442 moriae
424 2389 886 2442 consecrandum
906 2389 1221 2454 reliquerit.
1252 2389 1317 2441 Id
1337 2388 1498 2453 quod
1517 2387 1927 2440 serenissimam
1946 2387 2112 2439 suam
2132 2387 2403 2439 Maiesta-

194 2469 314 2514 tem
339 2467 443 2513 tuo
469 2461 790 2526 praesertim
815 2460 980 2513 sensu
1007 2468 1061 2512 et
1088 2459 1326 2512 confilio
1354 2459 1670 2512 clementer
1690 2460 2083 2511 concessuram
2103 2459 2174 2511 de
2196 2459 2405 2511 eadem

195 2533 345 2585 mihi
365 2535 584 2597 recipio
602 2540 657 2585 et
673 2533 972 2598 polliceor.
995 2531 1282 2585 Constitui
1299 2537 1500 2584 autem
1518 2530 1764 2596 Regium
1784 2529 1898 2582 hoc
1920 2533 2284 2595 epigramma
2301 2529 2404 2581 sta-

195 2607 301 2656 tim
328 2607 391 2656 in
416 2603 772 2668 frontispicio
798 2619 1072 2656 meorum
1097 2603 1492 2655 instaurandae
1512 2601 1904 2654 Astronomiae
1924 2600 2404 2667 Progymnasma-

196 2683 324 2728 tum
343 2677 468 2727 una
487 2691 623 2728 cum
643 2676 1138 2741 Landtgravian0‚
1167 2675 1327 2739 quod
1354 2673 1705 2726 iamdudum
1731 2673 2104 2734 obtinuerim,
2132 2675 2196 2724 in
2220 2672 2404 2737 pleni-

198 2762 364 2799 orem
398 2746 580 2799 huius
613 2747 928 2811 praelustris
962 2746 1217 2798 scientiae
1253 2745 1832 2797 commendationem
1870 2759 2192 2809 apponere:
2231 2751 2406 2808 prout

198 2818 414 2871 harum
435 2818 726 2870 exhibitor
745 2818 849 2870 tibi
869 2818 1115 2870 ulterius
1135 2817 1396 2869 indicare
1416 2818 1642 2882 poterit.
1664 2815 1916 2868 Proinde
1930 2822 1986 2867 te
1999 2818 2213 2867 iterum
2227 2821 2404 2879 atque

198 2893 412 2942 iterum
441 2890 658 2942 obnixe
687 2896 959 2955 rogatum
988 2888 1199 2948 habe0‚
1229 2894 1294 2940 ut
1322 2895 1614 2953 quantum
1638 2887 1805 2951 possis
1835 2887 2023 2951 (potes
2048 2893 2265 2946 autem,
2296 2901 2406 2938 nec

198 2963 510 3020 immerito,
538 2960 884 3025 plurimum)
905 2967 1010 3012 tua
1029 2975 1211 3025 opera
1238 2967 1292 3011 et
1318 2960 1730 3019 intercessione,
1758 2973 1878 3023 quo
1903 2958 1963 3010 id
1989 2958 2406 3010 clementissimi

198 3031 465 3097 beneficij
483 3032 632 3083 mihi
648 3032 1020 3091 concedatur,
1042 3038 1096 3083 et
1116 3046 1220 3095 per
1239 3030 1399 3083 hunc
1419 3030 1609 3095 ipsum
1622 3032 1744 3082 voti
1761 3045 2005 3094 compos
2023 3028 2183 3090 fiam,
2204 3028 2405 3081 sedulo

200 3103 505 3155 elaborare
526 3118 650 3154 non
670 3103 1004 3168 degravere.
1027 3102 1191 3166 Quin
1211 3108 1267 3153 et
1286 3101 1446 3154 hunc
1467 3101 1655 3166 ipsum
1670 3101 1743 3153 D.
1760 3100 2202 3154 NICOLAUM
2221 3099 2404 3153 CRA-

202 3174 440 3233 GIUM,
468 3174 618 3226 Iuris
645 3172 981 3233 Dodtorem,
1010 3181 1064 3225 et
1090 3173 1426 3238 Legationis
1448 3173 1524 3225 ad
1543 3188 1651 3224 vos
1670 3175 1734 3224 in
1753 3171 2012 3224 Scotiam
2037 3187 2258 3224 munus
2284 3173 2408 3223 una

202 3261 338 3297 cum
365 3245 496 3310 alijs
521 3245 883 3305 subeuntem,
909 3247 1107 3296 virum
1125 3244 1394 3308 alioquin
1419 3246 1482 3296 in
1506 3244 1688 3295 literis
1713 3243 1995 3308 praeclare
2015 3243 2324 3304 versatum,
2352 3250 2407 3295 et

200 3325 305 3368 tuo
330 3318 505 3381 genio
530 3316 732 3381 suopte
762 3315 823 3380 (fi
849 3313 1001 3368 1οὁἱο
1027 3315 1246 3379 iudico)
1274 3331 1397 3367 non
1421 3314 1843 3380 displiciturum
1869 3318 2123 3380 ingenie,
2150 3315 2245 3366 vel
2269 3330 2406 3366 meo

202 3390 446 3439 nomine
466 3387 568 3440 tibi
590 3388 1070 3440 commendatum
1097 3386 1335 3439 habeas,
1358 3386 1522 3439 Vale.
1551 3386 1725 3439 Datae
1748 3386 2107 3451 Uraniburgi
2130 3385 2198 3438 27
2219 3385 2405 3449 April.

203 3460 273 3510 A.
297 3458 440 3575 154953.
1750 3468 1990 3521 TYCHO
2019 3470 2262 3521 BRAHE.
2299 3538 2366 3602 [E

2370 3555 2406 3589 X
