2632 4022
239 296 344 348 370
773 290 1211 344 EPISTOLAE
1236 289 1907 343 ASTRONOMICAE

237 436 416 488 modo
442 435 540 486 hic
567 435 775 495 dicam,
803 434 1138 498 Apogaeum
1169 435 1217 491 ὁ·
1246 434 1310 483 in
1329 431 1505 496 ipfius
1524 433 1938 484 numeratione
1958 431 2091 496 plus
2111 432 2144 484 5
2164 431 2438 497 gradibus

240 508 313 559 est
342 506 602 566 ulteriuS‚
633 520 816 569 quam
845 503 1088 556 coelestis
1115 518 1330 555 norma
1357 502 1621 567 postulat,
1653 509 1708 554 et
1737 504 2148 564 eccentricitaS,
2180 518 2361 567 quam
2389 506 2440 555 is

236 577 598 630 Ptolomaica
616 578 910 627 minorem
929 574 1177 626 reddidit
1198 573 1368 638 (forte
1382 579 1447 626 ut
1461 589 1532 626 eo
1549 573 1911 638 probabilius
1925 573 2044 626 suae
2058 573 2440 638 speculationi

237 652 299 700 in
318 654 486 700 motu
499 647 698 699 Terrae
720 653 775 698 et
796 647 1218 698 eccentricitate
1238 647 1297 706 Θ
1317 645 1564 697 alterata
1581 644 2071 710 patrocinaretur)
2091 651 2322 697 tantum
2341 645 2438 698 ab·

238 720 328 780 est,
350 725 413 771 ut
433 718 726 784 angustior
747 717 1110 770 admittenda
1128 716 1208 776 fit,
1231 716 1391 781 quod
1411 719 1606 780 potius
1627 715 1904 768 nonnihil
1927 715 2219 780 (pauculis
2238 721 2440 769 tamen

236 789 501 853 minutis)
528 791 818 842 maiorem
844 804 1027 853 quam
1047 803 1084 840 a
1103 786 1573 841 PTOLOMAEO
1597 786 1815 840 factum
1842 787 1932 848 est,
1962 787 2213 839 eandem
2240 787 2440 840 consti-

236 869 399 914 tuere
420 862 885 926 operaeprecium
904 859 983 920 fit,
1004 859 1185 911 modo
1199 858 1618 911 Phaenomenis
1643 862 1692 918 <3¹
1716 858 2058 911 omnimode
2072 857 2317 911 satisfiat.
2338 859 2440 911 At-

238 949 352 998 que
366 932 461 985 vel
474 932 589 984 hoc
602 931 724 984 solo
740 933 1160 996 experiment0,
1183 929 1610 983 COPERNICI
1623 932 1687 982 in
1700 936 1868 982 motu
1880 929 2081 982 Terrae
2096 936 2150 982 et
2164 932 2358 994 quiete
2378 933 2437 991 G)

236 1004 441 1070 pofitio
469 1000 868 1056 labefactatur.
899 1002 1062 1054 Nam
1091 1007 1147 1054 et
1174 1004 1223 1054 is
1253 1017 1389 1054 cum
1416 1001 1697 1066 discipulo
1724 1000 2079 1054 RHETICO
2109 1001 2249 1054 hinc
2276 1001 2443 1054 suam

237 1074 624 1142 hypotyposin
646 1090 770 1126 non
792 1076 1109 1126 minimum
1134 1072 1503 1126 stabilimenti
1529 1075 1833 1138 acquirere
1860 1075 2136 1137 opinatus
2163 1072 2254 1133 est,
2281 1072 2441 1137 quod

236 1146 505 1199 videlicet
534 1150 582 1205 ἅ
623 1148 1017 1198 eccentricitas
1047 1144 1123 1197 ad
1151 1144 1491 1210 analogiam
1519 1150 1762 1197 mutatae
1792 1146 2230 1196 eccentricitatis
2259 1146 2318 1205 Θ
2348 1143 2443 1196 vel

236 1220 432 1284 potius
453 1218 540 1282 (ut
559 1217 657 1269 ille
677 1216 824 1281 vult)
845 1216 1045 1269 Terrae
1066 1215 1467 1276 decrescendO,
1494 1215 1740 1268 alterata
1765 1215 1869 1280 ipfi
1894 1215 2240 1267 crederetur.
2269 1215 2334 1268 Id
2358 1221 2441 1268 ta-

237 1306 377 1342 men
398 1289 873 1342 observationum
892 1289 1122 1340 incuria
1143 1289 1339 1353 potius
1358 1285 1578 1339 factum
1599 1286 1690 1348 est,
1718 1302 1900 1352 quam
1921 1287 2081 1351 quod
2101 1289 2244 1339 citra
2263 1302 2442 1339 omne

238 1361 484 1413 dubium
506 1360 623 1413 tale
644 1360 786 1425 quid
806 1359 1038 1412 coelitus
1058 1360 1325 1424 depromi
1345 1364 1537 1424 queat.
1566 1358 1659 1411 Sic
1680 1361 1858 1411 etiam
1878 1360 1941 1410 in
1961 1357 2218 1410 aliorum
2236 1357 2441 1410 Plane-

237 1439 432 1485 tarum
452 1433 732 1497 Apogaeis
752 1431 1163 1484 constituendis
1185 1430 1271 1495 (ut
1291 1430 1363 1483 de
1385 1430 1921 1491 eccentricitatibuS‚
1944 1445 2093 1494 quas
2107 1445 2145 1482 a
2157 1429 2440 1483 PTOLO·

239 1503 445 1556 MAEO
466 1506 643 1555 nimis
662 1503 860 1555 secure
880 1509 1185 1555 mutuatus
1205 1502 1296 1562 est,
1323 1501 1474 1554 nihil
1493 1501 1734 1565 addam)
1762 1517 1886 1553 non
1910 1517 2124 1566 parum
2149 1500 2344 1566 lapsus
2367 1500 2443 1553 est

238 1590 489 1641 magnus
509 1574 607 1626 ille
627 1590 1059 1639 nunquamque
1078 1574 1212 1626 satis
1231 1573 1508 1626 laudatus
1528 1572 2046 1626 COPERNICUS.
2071 1573 2142 1624 Et
2160 1571 2293 1624 licet
2313 1574 2376 1624 in
2396 1574 2437 1635 (ζ

238 1647 427 1700 multo
448 1649 890 1699 concinniorem
911 1652 966 1698 et
985 1645 1459 1711 probabiliorem,
1482 1640 1503 1713 ΙΙ
1524 1660 1706 1709 quam
1729 1644 2091 1697 Ptolomaica
2112 1650 2252 1704 erat,
2279 1643 2443 1696 adin-

239 1720 464 1771 venerit
483 1717 822 1778 Theoriam,
850 1724 1050 1770 tamen
1075 1733 1151 1769 ne
1177 1716 1308 1769 haec
1329 1716 1569 1781 quidem
1589 1716 1923 1768 Lunaribus
1947 1714 2251 1768 curriculis
2271 1730 2443 1767 excu-

239 1789 432 1843 sandis
452 1805 557 1854 per
577 1792 780 1842 omnia
799 1788 1091 1841 sufficiens
1113 1788 1203 1840 est.
1231 1788 1300 1840 In
1319 1787 1644 1853 novilunijs
1666 1794 1720 1839 et
1739 1786 2082 1853 plenilunijs
2103 1802 2171 1839 ac
2192 1786 2443 1851 quadra-

238 1863 383 1913 turis
401 1861 657 1925 utrisque
674 1868 975 1925 utcunque
991 1860 1191 1912 locum
1206 1865 1481 1920 meretur,
1502 1864 1632 1911 utut
1645 1874 1721 1911 ne
1735 1861 1799 1910 in
1812 1857 1904 1911 his
1920 1858 2159 1923 quidem
2173 1857 2446 1923 requifita

239 1932 578 1997 praecifione
593 1934 797 1984 omnia
811 1931 1098 1996 expediat.
1121 1931 1190 1983 In
1202 1930 1347 1983 locis
1360 1946 1503 1983 vero
1517 1931 1616 1992 401,
1632 1946 1767 1995 quae
1781 1932 1904 1982 iam
1918 1928 2082 1982 dictis
2096 1929 2447 1982 intermedia

239 2004 384 2065 sunt,
412 2019 797 2068 nequaquam
817 2005 1194 2069 apparentias
1212 2002 1410 2063 salvat,
1438 2001 1544 2054 nili
1564 2001 1787 2068 dimidij
1811 2002 2042 2067 gradus,
2070 2016 2206 2054 cum
2227 2003 2268 2063 (ζ
2292 2003 2446 2053 circa

238 2075 465 2127 medias
486 2075 890 2141 elongationes
909 2076 1154 2127 maioris
1174 2073 1448 2140 Epicycli,
1471 2080 1526 2126 et
1544 2089 1697 2138 pene
1716 2075 1924 2139 integri
1943 2072 2175 2139 gradus,
2203 2072 2444 2137 quando

239 2162 422 2212 prope
442 2147 777 2212 Apogaeum
790 2146 885 2198 vel
899 2146 1226 2211 Perigaeum
1247 2145 1506 2198 eiusdem
1524 2144 1800 2206 versatur,
1821 2142 2109 2197 iacturam
2128 2159 2235 2209 pro
2255 2143 2445 2196 nihilo

241 2219 599 2270 duxerimus,
622 2218 797 2271 Unde
819 2220 997 2270 etiam
1018 2218 1237 2270 diutius
1258 2232 1441 2282 quam
1459 2216 1758 2282 sperassem
1778 2231 1875 2268 me
1896 2218 1937 2278 c(
1960 2231 2254 2281 apparens
2275 2230 2443 2267 enor-

239 2292 413 2342 mitas
439 2290 701 2350 detinuit,
730 2305 850 2354 quo
877 2292 1075 2341 minus
1102 2291 1229 2341 eius
1249 2288 1552 2341 universos
1573 2303 1800 2341 errores
1819 2294 1963 2340 ratae
1986 2293 2040 2340 et
2059 2287 2445 2351 undiquaque

242 2364 617 2413 convenienti
633 2360 938 2427 hypothefi
951 2361 1231 2426 subijcere
1245 2360 1489 2420 licuerit,
1511 2375 1693 2425 quam
1706 2366 1908 2412 tamen
1921 2374 2018 2411 me
2032 2374 2192 2411 nunc
2205 2357 2446 2411 tandem

241 2434 553 2485 assecutum
580 2432 831 2493 confid0,
864 2432 1260 2497 plurimorum
1286 2447 1585 2484 annorum
1610 2434 1672 2483 in
1699 2430 2098 2483 diverfimodis
2129 2429 2444 2482 revolutio-

241 2520 388 2556 num
413 2504 556 2556 locis
582 2503 720 2556 huic
745 2503 1096 2556 sufficienter
1122 2502 1621 2568 adstipulantibuS,
1653 2518 1788 2568 quae
1814 2504 1994 2567 varijs
2019 2501 2238 2567 indiget
2264 2503 2444 2553 circu-

241 2576 457 2627 larium
470 2582 744 2628 motuum
758 2575 1293 2636 commixtionibuS‚
1311 2574 1497 2640 ipsam
1518 2577 1558 2637 (ζ
1581 2574 1947 2627 subitaneam
1962 2579 2017 2626 et
2030 2572 2447 2639 vagabundam

241 2646 687 2708 instabilitatem,
714 2663 838 2699 non
863 2649 1184 2712 improprie
1210 2646 1777 2712 repraesentantibus
1798 2646 2023 2698 Verum
2049 2644 2201 2697 alius
2229 2650 2283 2696 et
2310 2659 2444 2696 con-

241 2721 572 2770 venientior
594 2718 701 2782 (uti
720 2718 909 2784 spero)
932 2718 1163 2771 dabitur
1182 2717 1313 2771 haec
1333 2716 1619 2771 tractandi
1639 2717 2093 2782 exponendique
2113 2715 2294 2768 locuS.
2324 2715 2445 2781 Ego

243 2805 378 2842 eum
392 2789 568 2842 sciam
579 2796 634 2842 te
646 2790 859 2842 talibus
875 2788 1164 2850 delectari,
1180 2805 1304 2842 non
1318 2791 1565 2842 omnino
1580 2788 1677 2841 hic
1690 2787 1907 2842 intadta
1920 2788 2253 2852 relinquere
2263 2786 2445 2847 volui,

244 2876 362 2925 quo
384 2861 609 2926 aliquid
627 2861 829 2914 saltem
843 2862 1235 2914 Astronomici
1250 2861 1380 2914 haec
1394 2860 1588 2913 nostra
1601 2860 1854 2926 Epistola
1868 2860 1944 2912 ad
1957 2874 2156 2912 rerum
2170 2858 2444 2910 Astrono-

242 2935 532 2985 micarum
553 2933 838 2986 cultorem
859 2930 1076 2986 direc‘ta
1096 2934 1435 2985 contineret.
1458 2932 1612 2996 Quae
1632 2934 1695 2984 in
1714 2931 1889 2997 globo
1910 2930 2158 2983 Domini
2179 2928 2446 2992 CURTIJ

245 3019 317 3055 ex
337 3003 532 3069 lignea
550 3007 799 3058 materia
819 3004 1113 3057 constante
1139 3004 1456 3070 improbaS,
1485 3019 1556 3056 ea
1581 3003 1814 3068 prorsus
1833 3005 1915 3055 ita
1934 3002 1990 3054 se
2010 3001 2245 3061 habent,
2273 3006 2447 3066 prout

245 3076 448 3127 asseriS.
471 3076 699 3128 Frustra
714 3079 873 3128 enim
886 3076 1032 3129 tales
1045 3076 1342 3128 machinae
1357 3075 1428 3128 de
1442 3075 1619 3141 lign0,
1641 3089 1999 3140 quocunque
2012 3073 2253 3126 tandem
2265 3072 2446 3124 modo

246 3146 578 3210 compofitO,
599 3154 1023 3212 praeparantur.
1047 3148 1260 3212 Neque
1279 3149 1439 3199 enim
1458 3148 1609 3199 aeris
1626 3148 2033 3206 mutationem,
2055 3143 2374 3208 aestatisque
2392 3149 2447 3195 et

245 3215 475 3282 hyemis
495 3218 881 3271 diversitatem
901 3225 1002 3271 aut
1022 3221 1302 3284 temporis
1323 3219 1766 3271 diuturnitatem
1785 3216 2101 3283 perferunt.
2127 3215 2444 3269 Commen-

246 3289 395 3339 taria
411 3287 940 3352 TRAPEZUNTIJ
960 3293 1023 3342 in
1043 3289 1482 3343 PTOLOMAEI
1501 3304 1781 3355 magnam
1801 3288 2087 3355 Syntaxin
2108 3293 2162 3339 et
2181 3285 2447 3339 libellum

246 3358 523 3410 ΑΡΙΑΝΙ
550 3360 621 3411 de
649 3360 899 3413 Cometa
927 3363 1050 3413 una
1079 3377 1215 3414 cum
1242 3359 1531 3414 adiunctis
1559 3360 1918 3413 libentissime
1944 3359 2047 3412 tibi
2073 3358 2445 3416 restituerem,

2311 3443 2447 3480 cum

2495 1092 2537 1127 10

2495 1448 2538 1484 15

2480 1654 2558 1699 lor

2493 1805 2540 1841 20

2494 2876 2541 2911 3⁵

2495 3231 2542 3266 40
