2644 4030
249 299 342 352 162
782 295 1220 350 EPISTOLAE
1245 295 1916 349 ASTRONOMICAE

250 458 336 501 ea,
364 455 499 505 quae
526 455 563 491 a
587 438 816 491 summo
842 438 945 490 illo
972 436 1636 490 REGIOMONTANO
1664 443 1719 490 et
1745 438 2093 502 quibusdam
2113 434 2134 507 ΙΙ
2154 439 2286 505 alijs
2308 449 2573 493 neo-104¹·

247 514 438 564 tericis
459 511 530 563 de
549 510 935 562 Cometarum
955 508 1356 573 parallaxibus
1375 508 1827 574 pervestigandis
1845 512 2008 561 varie
2030 516 2085 562 et
2105 511 2328 563 erudite
2349 511 2447 564 ad-

247 587 489 635 inventa
507 581 651 641 sunt,
675 580 894 633 etiamsi
915 580 1112 644 quoad
1133 579 1688 632 demonstrationem
1707 578 1859 632 redte
1879 580 1935 632 se
1954 580 2228 642 habeant,
2248 588 2449 634 tamen

248 669 384 706 cum
397 652 854 718 praesupponant
868 650 927 703 id
941 653 1003 702 in
1019 651 1281 703 Cometis
1295 649 1439 710 fieri,
1459 651 1619 715 quod
1632 650 1727 703 vel
1741 652 2015 704 rarissime
2029 652 2125 704 vel
2138 668 2449 718 nunquam

249 724 470 784 accidit,
502 738 603 775 eos
628 722 896 775 videlicet
923 721 1146 773 destitui
1173 723 1338 773 omni
1364 728 1531 774 motu
1555 724 1795 787 proprio
1822 729 1878 775 et
1903 723 2070 775 nullo
2099 723 2236 785 ali0,
2267 739 2449 789 quam
2498 742 2520 776 5

248 793 562 848 universali
590 793 692 845 illo
721 795 895 858 primi
922 792 1159 845 mobilis
1189 792 1403 845 diurno
1431 795 1691 854 circuitu,
1722 793 2012 854 convolvi,
2042 797 2106 846 in
2134 797 2303 859 praxi
2328 794 2449 859 ipsa

248 866 479 919 inutilia
497 864 841 930 prorsusque
861 863 1298 928 supervacanea
1316 863 1461 916 sunt.
1483 864 1645 917 Patet
1665 866 1880 930 itaque,
1901 865 1943 917 fi
1963 866 2021 918 id
2042 866 2202 930 quod
2222 873 2448 918 contro-

247 937 478 990 versum
508 936 599 997 est,
629 935 836 988 iustam
863 941 1122 987 meretur
1151 934 1622 1000 disquisitionem,
1655 943 1854 988 utrum
1882 936 2152 989 videlicet
2182 937 2448 989 Cometae

247 1009 353 1062 fint
382 1008 640 1068 aetherei,
673 1022 781 1059 nec
811 1021 903 1067 ne,
936 1006 1113 1071 idque
1142 1006 1261 1058 fine
1291 1006 1687 1071 parallaxium
1719 1006 2157 1073 investigatione
2189 1007 2318 1060 fieri
2350 1024 2448 1060 ne-

249 1086 441 1145 queat,
461 1078 795 1144 parallaxes
814 1093 957 1129 vero
978 1077 1193 1142 absque
1214 1077 1474 1143 diligenti
1495 1077 1877 1143 dispositione,
1900 1079 2098 1144 quoad
2118 1083 2449 1145 praecipuos
2502 1096 2545 1132 lo

249 1151 384 1204 coeli
410 1150 657 1202 circulos
685 1151 1025 1215 proprijque
1053 1147 1259 1201 dudtus
1284 1149 1498 1201 limites
1525 1155 1580 1201 et
1605 1150 1802 1202 diurni
1823 1156 2020 1202 motus
2040 1150 2450 1203 alterationem

248 1236 631 1287 nequaquam
652 1219 905 1286 dignosci
926 1227 1163 1285 queant,
1190 1220 1553 1285 consequens
1580 1221 1701 1282 esse,
1728 1236 1854 1273 non
1872 1222 2256 1274 iudicandum
2276 1225 2449 1274 inuti-

248 1294 366 1346 lem
382 1300 437 1345 et
449 1293 953 1358 supervacaneum
966 1291 1247 1352 laborem,
1271 1307 1343 1343 ex
1357 1291 1860 1361 observationibus
1874 1295 2042 1345 certis
2057 1293 2450 1346 demonstrare

250 1366 636 1418 Cometarum
655 1363 1066 1429 longitudineS,
1087 1363 1425 1415 latitudines
1446 1362 1804 1429 duetumque
1825 1364 2042 1424 circuli,
2063 1363 2164 1417 sub
2186 1380 2306 1429 quo
2325 1379 2449 1416 mo-

254 1443 475 1497 ventur,
498 1435 779 1500 qualique
798 1442 1002 1487 tenore
1024 1434 1254 1486 cursum
1274 1434 1444 1486 suum
1465 1434 1783 1496 absolvant,
1812 1436 2114 1500 quomodo
2135 1451 2274 1488 eum
2294 1442 2452 1488 certa
2503 1452 2546 1486 15

249 1508 375 1573 lege
396 1507 728 1572 adaugeant
747 1506 842 1558 vel
863 1509 1040 1558 etiam
1060 1506 1383 1566 inhibeant,
1411 1521 1546 1558 cum
1566 1506 1684 1558 fine
1704 1506 1797 1558 his
1817 1506 2086 1568 alterum,
2114 1507 2274 1572 quod
2293 1509 2450 1572 prin-

251 1579 512 1643 cipaliter
525 1578 947 1643 inquirendum
959 1580 1119 1629 venit
1135 1583 1188 1629 et
1203 1580 1265 1629 in
1280 1577 1526 1629 dubium
1540 1584 1800 1639 vocatur,
1822 1578 2011 1630 decidi
2030 1585 2301 1643 nequeat.
2324 1578 2451 1630 Imo

249 1650 556 1716 postquam
582 1649 907 1709 constiterit,
935 1663 1037 1700 eos
1063 1651 1126 1700 in
1153 1648 1372 1700 aethere
1399 1649 1520 1714 ipso
1541 1648 1772 1709 versari,
1799 1649 2124 1714 plurimum
2149 1652 2452 1715 negotium

250 1722 364 1774 hoc
385 1719 694 1772 confirmat
716 1726 769 1772 et
788 1719 1044 1780 illustrat,
1066 1719 1106 1771 fi
1125 1735 1230 1784 per
1249 1723 1700 1772 convenientem
1714 1720 2084 1787 Hypothefin
2099 1736 2307 1773 eorum
2324 1736 2450 1773 cur-

250 1792 343 1845 sus
363 1792 537 1844 instar
549 1791 928 1844 Planetarum
942 1790 1364 1843 demonstretur
1379 1794 1510 1843 etin
1523 1807 1806 1844 numeros
1819 1791 2154 1845 resolvatur.
2177 1792 2270 1845 Sic
2291 1795 2451 1844 enim
2500 1807 2547 1842 20

250 1864 482 1929 plenius
503 1869 558 1915 et
578 1865 747 1915 citius
767 1862 898 1928 alijs
920 1861 1359 1927 persuadebitur
1380 1865 1626 1915 omnino
1648 1862 1937 1915 coelestem
1956 1863 2071 1915 illis
2091 1864 2259 1916 inesse
2283 1869 2450 1916 natu-

250 1950 379 1987 ram
405 1935 480 1987 ab
506 1934 762 1986 aliorum
786 1934 1166 1986 Planetarum
1194 1934 1645 1999 proprietatibus
1674 1949 1798 1987 non
1824 1934 2148 1987 admodum
2173 1934 2450 1995 alienam,

250 2005 355 2058 nifi
381 2005 541 2070 quod
567 2020 691 2057 non
716 2011 1000 2070 perpetua
1025 2004 1089 2057 fit
1114 2005 1384 2069 adeoque
1411 2005 1667 2058 exaltata
1690 2012 1753 2058 ut
1772 2009 1836 2057 in
1855 2005 2096 2070 reliquis
2123 2006 2452 2059 errantibus

249 2077 436 2130 stellis
458 2076 572 2129 Sed
591 2076 821 2129 facilius
842 2076 917 2128 est
937 2076 1193 2129 aliorum
1212 2075 1513 2129 indefessos
1533 2076 1766 2129 labores
1786 2092 2024 2142 carpere
2043 2084 2098 2129 et
2113 2085 2450 2138 extenuare,

251 2164 432 2214 quam
451 2150 668 2200 imitari
686 2147 782 2199 vel
802 2149 980 2200 etiam
999 2147 1288 2212 superare.
2500 2164 2547 2198 25

321 2220 503 2272 Porro
524 2219 683 2284 quod
704 2219 972 2271 Cometae
991 2219 1166 2271 instar
1184 2225 1584 2271 meteororum
1605 2219 1951 2284 dispareant,
1975 2234 2084 2271 nec
2103 2219 2328 2285 semper
2348 2220 2450 2272 du-

251 2298 395 2351 rent,
422 2290 507 2342 nil
531 2291 739 2355 probat
765 2305 973 2342 eorum
999 2296 1228 2342 motum
1255 2297 1310 2342 et
1335 2290 1711 2343 habitudines
1736 2290 2041 2356 diligenter
2066 2306 2190 2343 non
2216 2292 2320 2343 esse
2347 2290 2450 2343 dis-

252 2362 556 2428 quirenda.
587 2362 747 2414 Nam
776 2362 910 2414 licet
939 2362 1036 2427 alij
1067 2368 1244 2427 atque
1271 2361 1369 2427 alij
1399 2368 1556 2414 certo
1582 2369 1847 2427 tempore
1873 2362 2302 2427 conspiciantur
2325 2368 2450 2415 tan-

252 2435 504 2498 demque
518 2433 806 2498 paulatim
821 2433 1255 2495 consumantur,
1270 2433 1517 2486 redeunt
1530 2440 1731 2486 tamen
1744 2433 1939 2486 rursus
1953 2433 2051 2500 alij
2060 2475 2072 2486 .
2084 2429 2106 2502 ΙΙ
2120 2434 2247 2486 Nec
2261 2433 2452 2486 ullum
2469 2441 2582 2485 104v

251 2505 357 2557 suit
386 2504 662 2566 seculum,
693 2505 853 2570 quod
881 2520 1006 2557 non
1035 2504 1268 2569 aliquos
1297 2504 1658 2570 conspexerit
1688 2505 1984 2566 CometaS,
2015 2519 2165 2570 quos
2195 2511 2251 2557 et
2277 2504 2451 2557 valde
2501 2521 2548 2556 30

252 2577 525 2629 admirati
550 2576 775 2641 semper
800 2576 929 2628 sunt
954 2576 1245 2637 homineS,
1272 2582 1560 2641 tanquam
1585 2592 1870 2642 magnum
1896 2576 2120 2641 aliquid
2145 2591 2371 2628 novum
2398 2582 2453 2628 et

251 2648 564 2709 insolitum,
598 2648 748 2700 adeo
778 2654 842 2699 ut
870 2647 1002 2712 plus
1031 2647 1257 2713 semper
1285 2663 1493 2700 eorum
1521 2654 1749 2700 mentes
1777 2651 2070 2700 moverint
2102 2646 2198 2700 hae
2228 2650 2451 2700 crinitae

252 2719 443 2780 stellae,
471 2734 652 2783 quam
678 2719 908 2783 reliqua
931 2719 1159 2771 mundo
1179 2734 1384 2771 coaeva
1404 2719 1603 2771 fidera.
1631 2719 1790 2771 Licet
1809 2734 1951 2771 vero
1972 2718 2295 2783 aliquando
2316 2733 2450 2770 con-

252 2788 422 2854 specti
443 2790 709 2842 Cometae
731 2806 854 2842 non
875 2793 955 2842 ita
976 2791 1077 2842 diu
1097 2790 1218 2855 post
1238 2790 1583 2855 dispareant,
1606 2805 1801 2855 neque
1821 2793 1974 2842 intra
1995 2790 2290 2842 diutinum
2309 2795 2451 2842 tem-

252 2877 364 2926 pus
389 2861 487 2927 alij
517 2862 774 2922 redeant,
802 2862 952 2914 adeo
976 2868 1038 2914 ut
1062 2862 1358 2914 interdum
1377 2864 1439 2913 in
1459 2861 1529 2913 20
1549 2864 1722 2913 annis
1741 2863 1842 2913 vix
1862 2861 2077 2926 aliquis
2096 2863 2450 2926 apparuerit,
2501 2877 2547 2912 35

255 2948 326 2984 eo
346 2932 482 2984 sane
502 2935 792 2984 maiorem
813 2948 1011 2998 operae
1030 2935 1295 2997 precium
1317 2932 1392 2984 est
1411 2931 1691 2985 adhibere
1712 2932 2073 2997 diligentiam
2098 2935 2161 2984 in
2185 2931 2451 2996 pervesti-

254 3003 459 3067 gandis
489 3019 697 3055 eorum
727 3006 1102 3069 apparentijs,
1134 3004 1277 3056 dum
1306 3004 1519 3056 durant
1550 3011 1604 3056 et
1633 3003 1855 3064 adsunt,
1887 3019 2007 3068 quo
2037 3019 2109 3055 eo
2138 3002 2351 3055 melius
2380 3003 2451 3055 de

253 3074 462 3126 talium
476 3074 1017 3127 Phaenomenorum
1030 3075 1152 3135 litu,
1167 3082 1336 3127 motu
1351 3082 1405 3128 et
1419 3082 1633 3127 natura
1647 3074 2038 3127 controversia
2050 3075 2276 3127 tamdiu
2290 3076 2452 3126 varie

255 3144 567 3209 disceptata
593 3145 787 3197 dirimi
813 3147 993 3211 possit;
1022 3161 1094 3198 ex
1121 3162 1241 3211 quo
1266 3161 1391 3199 non
1416 3146 1642 3211 semper
1666 3146 1799 3199 talis
1822 3145 2044 3198 occafio
2066 3145 2362 3205 offeratur,
2389 3151 2453 3197 ut

255 3218 317 3267 in
346 3215 586 3281 reliquis
615 3216 908 3278 sideribus,
940 3233 1076 3282 quae
1106 3220 1272 3269 omni
1299 3218 1503 3270 serena
1527 3216 1714 3279 ηοὲὶε,
1745 3223 2033 3282 quotquot
2058 3217 2452 3269 Horizontem
2500 3232 2547 3267 40

257 3288 669 3351 exuperatum,
686 3287 1013 3352 conspicere
1029 3288 1453 3353 observareque
1468 3289 1616 3350 licet,
1630 3288 1672 3340 fi
1684 3288 1864 3340 modo
1877 3303 1948 3340 ea
1959 3304 2100 3340 cura
2113 3287 2452 3340 mortalium

255 3364 481 3409 mentes
500 3357 771 3410 traheret.
793 3359 1032 3424 Propter
1051 3359 1161 3412 has
1180 3362 1379 3424 itaque
1401 3366 1455 3412 et
1474 3360 1672 3424 plures
1693 3359 1841 3412 alias
1858 3358 2060 3412 causas
2077 3359 2452 3415 necessarium

2398 3435 2453 3481 et
