2632 4022
522 248 721 313 QUAE
749 249 1127 302 SEPTIMO
1155 249 1410 303 TOMO
1440 250 2084 304 CONTINENTUR
2313 254 2404 305 419

475 3316 550 3368 ad
572 3315 1081 3368 Bartholomaeum
1102 3316 1425 3369 Scultetum
1445 3317 1479 3369 8
1499 3316 1641 3369 Dec.
1663 3317 1792 3369 1590
1811 3358 2106 3369 .........
2159 3317 2394 3369 301-302

2246 336 2338 380 Pag.

201 390 463 454 Epistola
483 392 559 443 ad
579 390 952 444 Thaddaeum
973 392 1308 457 Hagecium
1328 393 1385 446 17
1405 394 1556 458 Aug.
1575 393 1704 446 1588
1714 434 2116 446 ............
2192 396 2403 447 122-123

306 491 377 496 -
485 463 562 515 ad
581 462 1091 515 Bartholomaeum
1112 463 1435 516 Scultetum
1456 465 1512 516 17
1532 465 1684 530 Aug.
1706 465 1835 518 1588
1856 506 2117 518 ........
2193 467 2404 519 123-124

308 562 374 567 -
484 534 560 586 ad
581 534 914 586 Henricum
934 534 1307 587 Ranzovium
1327 536 1384 587 13
1404 535 1557 600 Sept.
1580 536 1708 588 1588
1712 576 2116 589 ............
2193 538 2403 591 124-127

305 633 375 639 —
483 605 560 657 ad
582 605 916 669 Casparum
935 606 1261 657 Peucerum
1281 606 1337 658 13
1359 607 1512 671 Sept.
1533 607 1663 659 1588
1678 648 2116 660 .............
2193 609 2397 662 127-141

304 705 375 710 -
484 675 559 728 ab
580 676 846 728 Henrico
867 677 1117 728 Brucaeo
1136 677 1207 729 20
1227 677 1380 742 Sept.
1402 678 1532 731 1588
1537 719 2116 731 .................
2193 681 2404 732 141-144

304 775 375 781 -
522 763 559 799 a
579 746 885 799 Thaddaeo
907 748 1174 813 Hagecio
1195 746 1288 814 llll
1309 750 1463 801 Nov.
1486 750 1615 802 1588
1643 791 2116 803 ..............
2191 752 2402 805 145-147

305 847 372 852 -
482 818 559 871 ad
579 818 913 870 Henricum
932 819 1249 871 Brucaeum
1269 820 1318 872 4.
1340 821 1495 872 Nov.
1517 821 1646 873 1588
1679 862 2116 874 .............
2174 823 2403 876 147-164

304 919 374 924 --
482 890 558 942 ad
578 888 952 942 Thaddaeum
972 891 1307 956 Hagecium
1326 892 1396 943 22
1416 892 1593 944 Mart.
1616 893 1744 945 1589
1749 933 2115 945 ...........
2174 894 2403 947 165-166

303 989 373 996 —-
482 960 557 1013 ab
578 961 844 1013 Henrico
865 962 1114 1014 Brucaeo
1135 962 1203 1014 23
1225 963 1402 1015 Mart.
1424 964 1552 1016 1589
1569 1004 2115 1017 ................
2173 966 2403 1019 166-168

303 1062 371 1066 -
481 1032 557 1085 ad
578 1033 911 1084 Henricum
931 1034 1247 1086 Brucaeum
1268 1035 1396 1087 1589
1427 1075 2114 1088 ....................
2173 1037 2402 1090 168-175

304 1133 371 1138 -
482 1104 556 1156 ab
577 1104 802 1156 Ioanne
825 1105 1042 1170 Craigo
1063 1105 1210 1157 Mai.
1233 1106 1361 1158 1589
1389 1146 2114 1159 .....................
2172 1109 2403 1161 175-182

301 1205 372 1210 -
520 1191 556 1227 a
575 1175 882 1228 Thaddaeo
904 1176 1172 1241 Hagecio
1193 1176 1263 1228 30
1282 1175 1510 1243 Apr.l10
1530 1177 1676 1229 Mai.
1699 1178 1827 1230 1589
1855 1219 2115 1230 ........
2174 1180 2401 1232 182-183

304 1277 370 1280 -
498 1247 558 1311 (a
578 1247 843 1299 Martino
865 1247 1057 1313 Mylio
1077 1248 1153 1299 ad
1174 1247 1547 1300 Thaddaeum
1571 1249 1905 1314 Hagecium

575 1318 631 1369 21
652 1319 794 1383 Apr.
801 1316 844 1384 ll
865 1319 1011 1370 Mai.
1033 1319 1185 1383 1589)
1209 1360 2114 1373 ..........................
2303 1323 2401 1375 183

300 1419 371 1423 -
519 1406 556 1442 a
575 1388 882 1441 Thaddaeo
903 1390 1171 1455 Hagecio
1192 1388 1345 1456 10s20
1365 1391 1512 1443 Mai.
1534 1391 1662 1443 1589
1676 1433 2115 1444 .............
2304 1394 2402 1446 184

300 1490 371 1495 ——
520 1477 558 1513 a
579 1460 846 1526 Casparo
867 1461 1126 1513 Peucero
1147 1462 1205 1514 10
1224 1462 1372 1513 Mai.
1395 1462 1523 1515 1589
1534 1503 2114 1515 .................
2172 1465 2395 1517 184-191

300 1562 370 1566 -
478 1532 552 1584 ab
573 1532 799 1584 Ioanne
821 1533 1038 1597 Craigo
1059 1533 1116 1585 18
1136 1533 1264 1585 Iun.
1286 1533 1415 1586 1589
1426 1574 2113 1587 ....................
2172 1536 2401 1588 191-193

302 1633 368 1637 -
479 1603 554 1656 ab
575 1603 801 1656 Ioanne
825 1604 1042 1668 Craigo
1062 1604 1096 1656 9
1117 1604 1223 1656 Iul.
1246 1605 1376 1658 1589
1391 1645 2115 1658 .....................
2303 1608 2400 1659 193

299 1704 370 1709 —
517 1691 554 1727 a
573 1674 879 1727 Thaddaeo
900 1675 1169 1741 Hagecio
1189 1676 1259 1728 28
1278 1673 1492 1742 Aug.l7
1513 1676 1666 1741 Sept.
1689 1677 1817 1730 1589
1855 1719 2115 1730 ........
2304 1679 2401 1730 194

299 1775 369 1780 -
478 1747 554 1798 ad
574 1747 863 1799 Ioannem
885 1747 1169 1812 Craigum
1189 1747 1257 1800 25
1280 1747 1406 1800 Oct.
1428 1748 1557 1800 1589
1570 1789 2114 1801 ................
2173 1749 2401 1802 195-196

305 1847 367 1852 —
478 1818 553 1870 ad
573 1817 947 1870 Thaddaeum
967 1818 1303 1883 Hagecium
1323 1820 1344 1870 l
1365 1819 1520 1871 Nov.
1542 1819 1670 1872 1589
1675 1861 2112 1872 .............
2172 1821 2402 1874 196-218

299 1919 370 1923 -
478 1889 554 1942 ad
575 1890 883 1942 Andream
903 1889 1199 1942 Velleium
1216 1890 1288 1942 20
1309 1891 1463 1942 Nov.
1486 1891 1615 1943 1589
1637 1931 2113 1944 ..............
2295 1893 2401 1945 219

298 1989 369 1996 —
516 1977 554 2013 a
572 1960 880 2013 Thaddaeo
901 1961 1169 2026 Hagecio
1189 1961 1260 2013 30
1279 1960 1520 2028 Nov.l10
1540 1962 1683 2014 Dec.
1705 1963 1833 2015 1589
1852 2004 2111 2015 ........
2164 1963 2393 2015 220-221

298 2061 369 2066 -
477 2033 553 2085 ad
573 2032 947 2085 Thaddaeum
967 2033 1302 2098 Hagecium
1322 2033 1391 2086 25
1412 2033 1535 2086 Ian.
1557 2034 1686 2086 1590
1707 2075 2110 2086 ............
2163 2035 2400 2087 221-224

298 2133 369 2138 —-
477 2105 553 2156 ad
573 2103 948 2156 Thaddaeum
967 2104 1304 2169 Hagecium
1322 2104 1391 2156 23
1412 2104 1576 2157 Febr.
1599 2105 1728 2157 1590
1744 2147 2111 2158 ...........
2164 2106 2400 2159 225-227

298 2204 369 2209 ——
477 2176 554 2228 ad
573 2174 947 2228 Thaddaeum
967 2175 1302 2241 Hagecium
1321 2176 1355 2227 4
1374 2177 1517 2240 Apr.
1539 2177 1668 2229 1590
1672 2218 2111 2229 .............
2293 2179 2400 2230 228

298 2275 368 2280 -
477 2247 553 2299 ad
574 2246 910 2311 Casparum
930 2247 1258 2299 Peucerum
1278 2247 1407 2300 1590
1425 2288 2111 2301 ....................
2163 2248 2399 2302 228-239

300 2347 364 2352 —
478 2319 552 2371 ab
574 2318 799 2370 Ioanne
822 2319 1039 2384 Craigo
1059 2318 1129 2371 28
1148 2319 1312 2371 Febr.
1335 2319 1464 2372 1590
1495 2360 2110 2372 ..................
2162 2320 2399 2372 239-242

298 2418 366 2423 -
476 2390 552 2442 ad
572 2390 907 2442 Henricum
927 2390 1298 2442 Ranzovium
1318 2390 1352 2441 2
1371 2391 1513 2455 Apr.
1533 2391 1662 2443 1590
1672 2431 1896 2443 .......
1906 2407 1910 2409 ·
1922 2432 2109 2444 ......
2162 2391 2397 2444 242-243

299 2490 366 2495 -
515 2477 552 2514 a
571 2461 878 2514 Thaddaeo
900 2462 1167 2527 Hagecio
1188 2462 1244 2513 21
1265 2459 1456 2527 Apr.ll
1478 2462 1624 2514 Mai.
1647 2462 1775 2514 1590
1780 2504 2110 2515 ..........
2162 2462 2398 2514 243-244

298 2561 365 2566 ——
514 2549 551 2585 a
570 2532 877 2585 ffiaddaeo
898 2533 1166 2598 Hagecio
1187 2531 1279 2599 llll
1301 2533 1428 2585 Iun.
1451 2533 1579 2585 1590
1601 2574 2109 2586 ...............
2161 2534 2396 2586 244-255

299 2633 365 2637 -—
476 2605 551 2656 ad
572 2604 855 2656 Iacobum
877 2604 1152 2656 Curtium
1172 2605 1193 2655 l
1212 2605 1364 2669 Aug.
1387 2604 1515 2657 1590
1529 2645 2108 2657 .................
2161 2605 2397 2658 256-262

298 2704 366 2709 —-
475 2675 551 2727 ad
571 2674 945 2728 Thaddaeum
966 2675 1301 2741 Hagecium
1323 2676 1353 2727 3
1375 2676 1525 2740 Aug.
1548 2675 1676 2728 1590
1708 2717 2109 2728 ............
2162 2676 2396 2729 262-275

297 2775 365 2780 -
474 2747 550 2798 ad
570 2747 877 2798 Andream
897 2747 1193 2799 Velleium
1212 2748 1245 2799 5
1268 2747 1393 2800 Oct.
1415 2747 1544 2799 1590
1564 2787 2108 2800 ................
2160 2747 2396 2800 275-276

297 2846 367 2852 —
476 2818 552 2870 ad
573 2817 944 2870 Ioachimum
966 2818 1381 2871 Camerarium
1400 2819 1457 2869 21
1480 2818 1605 2870 Oct.
1628 2818 1756 2870 1590
1778 2859 2108 2871 ..........
2160 2818 2396 2871 276-278

298 2917 365 2923 —
476 2889 552 2941 ad
573 2888 839 2941 Gellium
860 2889 1225 2942 Sasceridem
1246 2890 1372 2942 Oct.
1395 2889 1523 2942 1590
1527 2930 2107 2942 .................
2159 2889 2395 2942 278-282

300 2988 362 2993 -
475 2961 551 3012 ad
571 2960 807 3012 Petrum
827 2960 1068 3013 Iunium
1087 2961 1156 3013 27
1178 2961 1452 3013 Oct.1590
1456 3001 2036 3013 .................
2054 2997 2071 3012 -.
2097 3002 2107 3012 .
2159 2961 2394 3013 282-283

298 3060 365 3064 ——
475 3032 551 3083 ad
571 3030 869 3084 Thomam
889 3031 1192 3084 Savellum
1213 3033 1233 3083 1
1254 3032 1396 3084 Dee.
1419 3032 1548 3085 1590
1564 3073 2107 3084 ................
2160 3032 2394 3085 283-285

296 3131 367 3136 -
476 3103 551 3154 ad
572 3102 853 3155 Iacobum
875 3103 1149 3156 Curtium
1170 3104 1190 3155 l
1211 3103 1354 3155 Dec.
1377 3103 1505 3155 1590
1527 3144 2106 3155 .................
2158 3103 2394 3156 285-288

297 3202 367 3207 -
475 3173 551 3225 ad
572 3174 861 3225 Ioannem
880 3174 1213 3226 Antonium
1233 3175 1549 3239 Maginum
1570 3175 1590 3225 l
1611 3174 1753 3226 Dec.
1776 3175 1904 3227 1590
1918 3216 2106 3226 ......
2159 3174 2394 3227 289-299

298 3273 364 3278 -
475 3245 550 3297 ad
571 3244 905 3296 Henricum
925 3245 1297 3310 Ranzovium
1316 3247 1349 3298 7
1371 3246 1512 3297 Dee.
1532 3246 1661 3298 1590
1671 3286 2108 3298 .............
2159 3246 2387 3297 299-301

333 3409 379 3444 53
