2664 4030
268 328 339 382 54
805 325 1246 379 EPISTOLAE
1271 325 1945 379 ASTRONOMICAE

271 468 345 513 [Ex
366 469 608 514 apographo
628 467 672 504 in
693 467 836 505 codice
855 466 1026 505 Archivi
1046 466 1176 513 Regni
1197 466 1367 504 Daniae:
1386 467 1508 504 Arch.
1528 466 1630 513 priv.
1649 467 1778 513 Tych.
1799 466 1938 512 Brah.]

399 541 495 612 A.
517 537 1037 611 WELLEIO
1081 536 1951 612 CONCIONATORI
1995 536 2338 611 REGIS.

590 691 599 695 -
950 632 1268 677 SALUTEM
1296 633 1369 676 IN
1394 632 1788 677 SALVATORE.

284 735 286 752 ¹
321 752 348 792 ς
375 721 444 780 ἑ
593 732 600 742 ¹'
627 719 934 772 'CCEPI
954 719 1151 772 literas
1170 725 1319 779 tuas,
1341 717 1545 772 dilecte
1560 718 1647 771 M.
1661 718 2017 779 ANDREA,
2040 724 2094 770 et
2108 718 2180 771 de
2196 734 2351 784 equo
2364 721 2471 771 mi-

383 928 385 930 ,
628 853 659 869 ”
703 861 838 922 lem,
875 860 1076 913 multis
1108 860 1567 913 deierationibus
1598 860 2005 925 absterremur)
2045 861 2331 915 intellexi:
2371 864 2473 926 qui

292 1009 299 1017 .
332 936 503 1018 ἢ(
436 986 438 988 ,
460 975 467 986 -.
487 985 491 989 «
511 998 521 1002 ,-
543 1012 545 1014 ¹
646 930 1037 997 [quoniam]
1067 931 1143 983 est
1161 933 1251 983 vir
1275 931 1601 983 benevolus
1625 938 1682 984 et
1703 931 1874 984 nobis
1893 933 2156 994 AmicUS‚
2185 947 2324 984 eum
2349 948 2474 984 non

512 1067 573 1108 ·-‘²'
706 1074 846 1135 lem;
875 1089 983 1140 ego
1008 1073 1110 1126 ubi
1136 1073 1452 1126 artificium
1474 1073 1652 1126 molae
1676 1073 1901 1135 nostrae,
1928 1076 1992 1126 in
2017 1090 2137 1140 quo
2159 1090 2230 1127 eo
2251 1078 2336 1127 uti
2355 1075 2473 1127 vel-

268 1145 403 1205 lem
401 1072 710 1209 paratum
738 1145 927 1206 fuerit,
958 1161 1095 1197 cum
1125 1160 1197 1197 eo
1227 1145 1298 1197 de
1328 1144 1443 1197 hoc
1471 1161 1661 1211 agam,
1691 1144 1733 1197 fi
1759 1148 2011 1211 proprijs
2041 1149 2208 1210 equis
2236 1148 2321 1198 uti
2349 1161 2474 1198 non

268 1217 512 1277 licuerit,
538 1233 609 1269 eo
631 1217 791 1282 quod
812 1232 884 1269 eo
904 1217 1063 1269 dono
1084 1216 1479 1278 destituantur,
1507 1232 1627 1281 quo
1647 1216 1819 1269 suum
1839 1219 2018 1269 etiam
2038 1232 2236 1270 carere
2255 1216 2472 1270 mallet.

268 1289 428 1353 Agas
454 1291 653 1353 itaque
679 1288 782 1354 ipfi
807 1291 1032 1340 interea
1056 1303 1193 1340 meo
1214 1290 1457 1340 nomine
1483 1290 1715 1354 gratias,
1742 1288 1837 1340 De
1863 1287 2020 1340 istius
2038 1287 2189 1341 vafri
2214 1288 2474 1341 hominis

268 1358 532 1425 perfidia,
554 1362 657 1425 qui
676 1359 877 1424 sponte
893 1359 1154 1412 oblatam
1170 1360 1714 1412 reconciliationem
1728 1358 1937 1412 callide
1952 1359 2265 1422 aversatur,
2286 1366 2350 1412 ut
2368 1363 2474 1412 im-

268 1446 430 1496 pune
449 1430 549 1483 libi
569 1447 672 1496 per
693 1432 893 1497 Legati
913 1431 1237 1484 adventum
1255 1430 1481 1483 famam
1499 1446 1698 1483 meam
1716 1430 1907 1483 laefisse
1929 1430 2256 1483 consultum
2281 1430 2361 1492 fit,
2388 1434 2473 1483 ni-

269 1502 355 1555 hil
380 1502 589 1564 dicam,
618 1503 806 1555 donec
825 1505 914 1554 vir
933 1502 1031 1554 ille
1053 1508 1169 1567 opt.
1191 1509 1246 1555 et
1266 1517 1475 1567 aequus
1496 1502 1815 1563 advenerit,
1843 1504 2011 1555 cuius
2038 1504 2215 1555 etiam
2236 1501 2475 1555 arbitrio

268 1576 529 1638 primum
550 1573 724 1636 stab0,
752 1589 832 1626 an
852 1589 1096 1638 aequum
1115 1572 1179 1626 fit
1197 1588 1294 1625 me
1313 1573 1416 1626 ista
1435 1575 1730 1626 immerito
1750 1574 1824 1626 ab
1847 1589 1918 1626 eo
1938 1576 2060 1639 pati
2081 1580 2135 1626 et
2154 1589 2259 1639 per
2279 1576 2475 1627 civita·

269 1651 389 1697 tem
417 1645 491 1697 ab
520 1647 608 1711 ijs,
639 1645 853 1710 quibus
880 1644 1032 1697 nihil
1059 1644 1204 1697 mali
1228 1644 1410 1705 volui,
1438 1644 1535 1697 sed
1564 1645 1638 1697 ab
1664 1645 1757 1697 his
1785 1646 1972 1710 passus
1997 1644 2141 1706 sum,
2171 1644 2474 1698 defamari.

271 1715 431 1780 Quid
457 1716 666 1769 Hessus
691 1716 788 1769 iste
816 1717 969 1769 dicat
995 1722 1050 1768 et
1076 1731 1258 1781 quam
1283 1718 1532 1782 gratiam
1557 1715 1785 1778 referat,
1815 1715 1967 1768 nihil
1996 1731 2156 1778 curo,
2186 1732 2323 1768 cum
2351 1732 2476 1769 non

270 1787 390 1840 alia
418 1787 492 1840 ab
523 1803 594 1840 eo
626 1786 1002 1853 exspectarim
1031 1803 1317 1852 unquam,
1346 1802 1542 1852 neque
1569 1788 1644 1840 ob
1670 1788 1730 1840 id
1757 1787 2115 1841 medicinam
2144 1787 2474 1850 conficiam,

271 1859 430 1924 quod
449 1859 545 1911 vel
563 1862 812 1924 gratiam
830 1858 926 1911 vel
944 1858 1176 1911 lucrum
1189 1858 1327 1911 inde
1340 1857 1566 1923 sperem
1579 1858 1786 1919 ullum,
1806 1861 1990 1911 miror
2002 1858 2204 1912 saltem
2218 1859 2475 1924 eousque

272 1929 692 1983 Christianismi
711 1930 1132 1982 institutionem
1149 1931 1480 1995 pervenisse,
1502 1937 1566 1982 ut
1586 1929 1958 1996 Magistratus
1977 1929 2095 1995 ipse
2114 1930 2353 1996 gloriari
2372 1946 2475 1983 au-

270 2002 420 2062 deat,
441 2017 478 2054 a
496 2001 776 2054 membris
796 2002 1034 2054 Satanae
1055 2017 1247 2067 opem,
1269 2017 1452 2066 quam
1470 2000 1621 2054 ferre
1641 2007 1961 2067 nequeunt,
1983 2001 2226 2054 allatam
2238 2001 2340 2054 fibi
2354 2003 2475 2064 esse,

269 2073 605 2139 posthabitis
623 2073 739 2125 Dei
756 2073 981 2126 auxilio
1000 2079 1055 2126 et
1071 2073 1146 2126 ab
1163 2072 1286 2138 ipso
1300 2073 1586 2125 ordinatis
1599 2073 1826 2139 medijS.
1848 2071 1902 2126 Ο
1918 2070 2222 2134 Βοέἱοιεε,
2244 2088 2281 2125 o
2295 2073 2475 2126 Disci-

269 2144 411 2211 puli.
439 2145 532 2197 De
554 2144 740 2198 Curia
764 2144 867 2197 ista
892 2160 1028 2209 quae
1055 2144 1131 2197 ad
1156 2160 1267 2196 nos
1286 2147 1535 2209 pertinet
1554 2146 1617 2196 in
1636 2144 1876 2210 Angulo
1897 2143 2167 2197 Civitatis
2186 2145 2386 2207 Matri,
2413 2151 2477 2197 ut

271 2216 616 2278 consuluisti,
648 2215 853 2281 scripsi,
887 2216 961 2268 ab
992 2230 1064 2268 ea
1090 2215 1255 2268 brevi
1283 2215 1621 2280 responsum
1654 2213 1911 2281 exped'tO,
1945 2215 2105 2281 quod
2136 2215 2239 2268 ubi
2270 2214 2476 2269 nadtus

270 2287 455 2348 fuer0‚
482 2287 662 2340 modo
690 2302 763 2340 ex
787 2290 939 2340 votis
965 2287 1169 2339 nostris
1196 2289 1514 2353 contigerit,
1543 2302 1679 2339 cum
1706 2285 2241 2340 CHRISTIERNO
2263 2287 2477 2340 URUP

270 2358 541 2424 praesenS‚
562 2359 665 2411 ubi
679 2358 992 2411 Haffniam
1007 2358 1322 2419 advenerO,
1345 2374 1541 2424 agam;
1563 2357 1728 2411 effice
1748 2361 1974 2411 interea
1993 2358 2153 2424 apud
2173 2358 2378 2423 ipsum,
2399 2374 2476 2411 ne

271 2433 499 2483 curiam
516 2430 683 2483 suam
702 2432 865 2494 prius
884 2429 1052 2482 alteri
1072 2429 1365 2482 divendat.
1388 2428 1879 2491 Controversiam,
1901 2445 2037 2495 quae
2050 2432 2201 2482 inter
2214 2429 2476 2483 Fratrem

270 2517 473 2554 meum
488 2508 543 2554 et
557 2500 947 2554 BLESSIUM
962 2500 1130 2553 istum
1143 2501 1361 2561 incidit,
1382 2500 1653 2553 nondum
1672 2516 1710 2553 a
1729 2516 2036 2566 quoquam
2053 2500 2331 2562 intellexi,
2351 2500 2474 2553 seli-

272 2575 394 2625 cior
420 2575 580 2625 enim
604 2572 733 2624 sum
756 2575 820 2624 in
845 2572 958 2624 hac
984 2571 1195 2632 Insula,
1223 2587 1406 2637 quam
1426 2572 1586 2637 quod
1607 2571 1893 2638 plurimas
1913 2573 2237 2625 mundanae
2256 2571 2475 2625 fabulae

271 2659 475 2710 nugaS,
508 2643 943 2708 hominumque
973 2644 1439 2696 Eccentricitates
1467 2643 1679 2709 saepius
1709 2659 1844 2696 cum
1875 2643 2138 2696 molestia
2169 2644 2476 2696 exauditas

272 2715 524 2768 doleam.
539 2715 734 2767 Velim
752 2722 954 2768 tamen
973 2721 1037 2767 ut
1056 2730 1152 2767 me
1170 2714 1242 2766 de
1259 2714 1360 2767 isto
1374 2717 1610 2780 negotio
1625 2718 1932 2767 certiorem
1945 2715 2172 2776 reddaS,
2193 2714 2477 2780 liquidem

272 2787 488 2839 Fratris
505 2790 623 2838 mei
640 2801 999 2852 magnopere
1013 2786 1270 2838 interesse
1286 2802 1358 2838 ex
1371 2792 1426 2838 te
1441 2786 1718 2851 intellig0.
1733 2786 1882 2839 Vale
1897 2792 1952 2838 et
1964 2785 2221 2852 significa
2234 2785 2475 2851 quando

272 2858 698 2911 IOHANNES
732 2858 888 2910 Patri
922 2858 1171 2910 redierit.
1212 2857 1430 2909 Iterum
1461 2857 1594 2910 vale
1627 2864 1683 2910 et
1712 2857 1900 2910 saluta
1931 2858 2091 2923 Mag.
2125 2857 2475 2910 LAUREN-

271 2929 481 2982 TIUM
501 2930 782 2981 Amicum
802 2944 1183 2981 communem
1201 2944 1338 2982 meo
1358 2931 1602 2982 nomine
1627 2928 1967 2994 plurimum.
1995 2928 2170 2981 Datae
2190 2928 2475 2981 Huennae

273 3001 346 3052 21.
368 3001 516 3066 Maij
541 3001 723 3052 Anno
743 3000 828 3053 79.
2016 3011 2082 3064 T,

1818 3083 2059 3137 TYCHO
2086 3083 2331 3135 BRAHE.
2416 3089 2428 3103 ⁸

346 3163 498 3208 Mitto
518 3164 612 3208 tibi
625 3164 934 3220 catalogum
954 3165 1214 3209 librorum
1228 3165 1743 3209 Francofurtenfium
1757 3168 1810 3209 et
1819 3168 1942 3220 peto
1956 3167 2015 3208 ut
2028 3163 2474 3208 BALTHAZARO

275 3223 550 3279 significari
576 3235 764 3268 curare
789 3224 934 3277 velis,
962 3228 1019 3268 ut
1045 3236 1138 3269 eos
1163 3225 1326 3269 libros
1350 3236 1484 3279 quos
1510 3225 1703 3269 lineola
1728 3225 1781 3268 in
1806 3223 2044 3279 margine
2069 3223 2267 3275 notavi,
2295 3234 2477 3278 quam-

273 3283 508 3339 primum
534 3282 753 3335 licuerit,
782 3284 910 3326 mihi
935 3295 1225 3339 procurare
1251 3284 1390 3328 velit.
1418 3284 1548 3328 Sunt
1573 3288 1753 3328 autern
1779 3295 1975 3328 novem
2002 3282 2191 3335 Latini,
2217 3285 2326 3326 tres
2353 3281 2476 3325 Ger-

275 3341 472 3386 manici
485 3345 537 3386 et
549 3354 685 3385 unus
701 3343 946 3387 Gallicus.
965 3343 1188 3387 Remitto
1201 3343 1295 3387 tibi
1306 3342 1333 3386 8
1344 3343 1699 3388 Ioachimicos
1712 3355 1808 3398 per
1821 3343 1962 3386 hunc
1976 3340 2472 3386 CHRISTIERNUM

274 3401 493 3458 piscium
515 3405 888 3455 mercatorem,
910 3414 1007 3457 pro
1029 3403 1217 3457 quibus
1239 3413 1337 3457 ago
1358 3403 1567 3458 gratias.
1591 3403 1788 3446 Iterum
1808 3403 1942 3445 vale.

2365 3460 2475 3526 [Ex

2514 571 2567 614 61·

704 806 818 842 nus
845 790 996 842 bene
1022 789 1257 842 vidente
1285 789 1360 842 D.
1382 790 1423 842 I.
1444 789 1867 843 FRANCISCI
1897 789 2146 854 (caecum
2171 805 2248 842 ne
2274 790 2471 855 appel·
2521 811 2544 846 ⁵

2527 1166 2570 1202 10

2528 1523 2570 1558 15

2525 1879 2572 1914 20

2525 2237 2571 2271 25

2524 2947 2571 2983 35

2523 3290 2570 3325 40
