2632 4022
203 262 655 316 HENRICUS
682 263 1105 317 BRUCAEUS
1132 264 1255 316 AD
1282 263 1789 318 TYCHONEM
1816 266 1850 318 5
1878 266 2072 319 NOV.
2101 267 2245 320 1592
2301 266 2404 320 345

205 401 254 446 [E
276 401 419 439 codice
439 402 762 440 vindobonensi
781 405 848 440 lat.
869 403 1002 448 97:371]

89 502 176 545 35⁴
203 478 283 550 N
291 477 944 553 OBILISSIMO
1000 479 1926 572 CLARISSIMOQUE
1978 482 2243 557 VIRO
2302 484 2404 556 D.

293 580 666 635 TYCHONI
693 583 983 644 BRAHE,
1011 583 1609 638 MATHEMATICO
1637 585 1946 647 EX1M10‚
1975 586 2313 640 DOMINO

89 745 147 789 35
593 665 693 717 ΕΤ
711 666 981 719 AMICO
1008 667 1445 791 PLURHSVIHM
1474 668 2021 723 OBSERVANDO.

564 825 577 831 ''
641 820 727 873 GI
755 835 891 873 cum
918 821 1405 875 MYLIANDRO
1434 823 1505 875 de
1531 822 1981 889 Typographico
2008 824 2284 885 ministr0,
2311 840 2406 876 ve-

639 907 772 944 rum
790 894 854 943 in
869 892 1179 956 praesentia
1195 893 1266 945 de
1283 893 1451 946 nullo
1469 893 1573 959 ipfi
1590 895 1821 947 constat.
1845 895 2408 948 Mathematicarum

640 963 1077 1028 disciplinarum
1102 964 1332 1017 studiofi
1357 968 1533 1030 pauci
1558 965 1753 1027 hodie,
1780 966 2046 1031 plerique
2074 970 2234 1019 enim
2256 967 2407 1019 The-

640 1034 852 1100 ologiae
869 1035 1055 1088 studio
1072 1043 1300 1088 vacant.
1325 1036 1569 1089 Certum
1584 1044 1639 1089 et
1651 1037 1906 1102 prael'ens
1923 1040 2203 1090 viaticum
2217 1041 2407 1103 inqui-

347 1119 350 1137 ¹
449 1104 510 1179 ι(
536 1124 542 1144 ·-
593 1158 595 1161 ,
639 1121 768 1158 ram
792 1106 1142 1172 diligentius,
1171 1107 1264 1159 De
1286 1107 1593 1160 CRAIGO
1614 1111 1812 1170 miror,
1840 1124 1947 1161 nec
1971 1109 2085 1161 scio
2107 1110 2408 1174 quomodo

230 1178 237 1187 '
638 1177 949 1242 paralaxin
969 1177 1234 1231 refellere
1253 1185 1445 1243 queat,
1468 1195 1588 1244 qua
1600 1182 1745 1231 moti
1759 1187 1984 1232 veteres
1998 1180 2408 1233 ARISTOTE-

203 1246 318 1299 LIS
337 1250 681 1313 interpretes
699 1251 862 1301 viam
881 1248 1166 1303 lacteam
1151 1266 1214 1302 1n
1235 1249 1388 1302 coelo
1402 1249 1737 1303 statuerunt.
1753 1251 1948 1303 Velim
1961 1251 2111 1303 mihi
2123 1255 2410 1317 proximis

201 1318 382 1371 literis
407 1320 655 1372 indicari
680 1322 940 1372 rationes
961 1321 1174 1386 quibus
1195 1337 1329 1373 eam
1350 1329 1610 1374 evertere
1631 1329 1894 1382 conatur,
1922 1322 2027 1374 nifi
2053 1322 2200 1375 forte
2222 1323 2408 1376 obser-

201 1392 503 1442 vationem
533 1391 741 1456 culpet.
776 1391 937 1444 Nam
966 1392 1087 1444 vidi
1115 1392 1546 1444 nonnullorum
1575 1393 1798 1458 scripta,
1833 1396 1935 1458 qui
1963 1394 2124 1447 hunc
2154 1395 2410 1447 eundem

112 1476 154 1510 15
203 1461 518 1514 Cometam
539 1461 692 1515 infra
712 1463 946 1515 Lunam
966 1463 1231 1516 statuant.
1254 1464 1376 1529 Ego
1398 1471 1550 1516 certe
1570 1464 1862 1529 parallaxi
1882 1472 1985 1517 aut
2004 1465 2172 1518 nulla
2191 1472 2293 1518 aut
2315 1482 2409 1519 ex—

201 1535 340 1598 igua
360 1540 415 1586 et
434 1535 665 1586 minore
687 1550 869 1599 quam
888 1537 952 1586 in
972 1534 1144 1587 Luna
1163 1537 1226 1587 in
1246 1534 1360 1587 hoc
1376 1534 1628 1588 Cometa
1645 1537 1918 1596 concessa‚
1940 1552 2064 1588 non
2077 1537 2252 1589 video
2267 1553 2409 1602 quo-

201 1605 382 1657 modo
411 1604 577 1658 suam
605 1605 950 1658 sententiam
978 1609 1131 1658 tueri
1161 1613 1354 1671 queat.
1389 1606 1450 1659 Si
1480 1607 1669 1659 editus
1699 1607 1790 1669 eft,
1824 1607 2056 1660 dabitur
2087 1608 2410 1673 aliquando

203 1678 374 1740 copia
398 1676 645 1742 legendi.
674 1677 734 1730 Si
760 1684 960 1730 autem
986 1694 1110 1730 non
1138 1678 1213 1730 est
1240 1677 1446 1740 edituS‚
1473 1678 1669 1731 iudico
1696 1678 1867 1731 illum
1892 1679 2022 1732 haec
2044 1679 2320 1745 scripfisse,
2349 1687 2412 1732 ut

202 1750 388 1813 magis
418 1751 626 1800 excitet
654 1751 870 1815 ingenij
903 1751 989 1801 tui
1018 1765 1289 1811 acumen,
1321 1757 1375 1802 et
1405 1752 1619 1815 cogites
1650 1766 1786 1815 quae
1817 1757 2022 1803 contra
2051 1752 2163 1803 dici
2192 1752 2409 1816 possint.

108 1833 154 1868 20
204 1819 411 1871 Homo
433 1819 508 1871 est
528 1820 806 1882 erudituS,
835 1827 899 1872 ut
920 1835 993 1872 ex
1013 1820 1429 1874 DUNCANO
1450 1821 1729 1882 intellexi,
1755 1824 2047 1874 maiorem
2069 1823 2412 1875 modestiam

203 1893 267 1942 in
287 1906 359 1943 eo
379 1894 758 1956 requirerem,
779 1891 821 1943 fi
841 1891 1176 1945 cavillando
1192 1899 1246 1945 et
1261 1893 1667 1957 detorquendo
1687 1899 1790 1945 tua
1809 1893 2124 1959 infringere
2146 1901 2409 1947 conatur.

203 1962 484 2015 Attamen
502 1978 626 2015 non
642 1966 921 2027 paeniteat
936 1964 1378 2024 commendasse,
1401 1964 1564 2016 decet
1582 1967 1742 2016 enim
1755 1964 1983 2017 bonum
1996 1968 2192 2017 virum
2205 1969 2411 2018 iuvare

202 2033 506 2098 plurimOS,
529 2035 711 2087 obesse
732 2037 974 2087 nemini.
1000 2035 1285 2088 Futuram
1306 2035 1576 2101 eclipfim,
1598 2035 1639 2087 fi
1659 2036 2058 2100 conspicietur,
2081 2040 2412 2089 accuratius

204 2104 546 2158 observabo:
574 2105 839 2159 Globum
858 2112 1030 2158 tuum
1049 2106 1144 2158 vel
1164 2106 1474 2171 Sphaeram
1495 2106 1857 2159 armillarem
1876 2107 2009 2160 satis
2030 2107 2253 2161 affabre
2274 2124 2410 2161 con-

109 2191 155 2225 25
203 2174 414 2230 sectam
433 2178 570 2238 vidi,
591 2193 801 2230 verum
820 2193 1034 2243 parum
1053 2181 1201 2230 meis
1222 2178 1408 2230 oculis
1428 2185 1646 2243 aptam,
1674 2181 1777 2243 qui
1796 2181 1918 2231 iam
1938 2181 2226 2244 incipiunt
2247 2180 2411 2232 obtu-

203 2246 379 2300 fiores
398 2247 543 2300 fieri.
565 2249 709 2301 Non
724 2248 857 2302 satis
875 2255 1076 2302 autem
1092 2249 1353 2315 intelligo
1372 2266 1475 2302 cur
1488 2249 1687 2302 Terrae
1705 2250 1874 2314 polos
1893 2250 2196 2303 detorseris
2211 2267 2247 2303 a
2260 2251 2412 2315 polis

203 2320 411 2372 mundi
427 2326 482 2372 et
496 2320 754 2373 Zodiaci.
777 2321 939 2372 Bene
953 2321 1102 2373 vale.
1126 2320 1411 2387 Rostochij
1429 2321 1509 2373 V⁴¹
1524 2320 1881 2373 Novembris
1895 2323 1980 2376 A?
1995 2322 2244 2374 Domini
2265 2322 2409 2375 1592.

1545 2405 1896 2457 HENRICUS
1923 2405 2268 2459 BRUCAEUS

1732 2475 1910 2540 plane
1929 2482 2082 2528 tuus,

111 1120 152 1155 10

110 2555 157 2590 30
208 2553 282 2599 [Ex
302 2556 546 2601 apographo
567 2555 611 2592 in
632 2556 776 2594 codice
796 2556 1118 2593 Vindobonensi
1136 2558 1204 2593 lat.
1230 2556 1402 2602 1068655]

93 2654 180 2697 22v
388 2631 1132 2707 NOBILISSIMO
1179 2632 1662 2706 DOMINO
1705 2633 2233 2707 TYCHONI

457 2735 731 2787 BRAHE
757 2736 1011 2797 DANO‚
1041 2736 1599 2790 URANIEBURGI
1625 2737 1964 2790 DOMINO
1992 2736 2162 2790 ETC.

684 2819 757 2871 D.
788 2819 886 2871 ET
905 2820 1174 2873 AMICO
1203 2820 1359 2873 SUO
1388 2819 1936 2873 OBSERVANDO.

94 2898 177 2941 22Γ
1287 2901 1335 2944 S.

220 2959 222 2972 ’
370 2996 386 3012 -
408 2977 519 3038 ’NJ'
556 3021 559 3030 N
600 3016 607 3021 .
675 2974 984 3027 OBILISS.
1012 2977 1116 3034 vir,
1148 2974 1409 3026 Domine
1439 2981 1494 3027 et
1524 2978 1712 3027 amice
1740 2974 2115 3027 observande.
2147 2975 2287 3027 Uno
2319 2975 2412 3027 die

301 3104 309 3109 Q
411 3042 416 3054 “
495 3083 526 3106 γ
546 3096 557 3103 Ι
591 3036 885 3123 Ἷωειιὶὶε
914 3045 1077 3098 Febr.
1108 3045 1288 3098 huius
1318 3049 1462 3098 anni
1494 3046 1735 3099 redditae
1767 3046 2005 3098 fuerunt
2036 3046 2184 3098 mihi
2215 3046 2413 3110 plures

300 3119 325 3165 ἑ
374 3119 397 3168 ζ
471 3128 475 3130 “
495 3116 561 3179 ‚11-
588 3073 648 3173 D
673 3116 859 3168 literae
878 3123 1014 3177 tuae,
1040 3124 1217 3182 atque
1238 3116 1334 3169 hae
1356 3117 1590 3170 diverfis
1610 3118 1972 3182 temporibus
1991 3117 2236 3183 scriptae;
2265 3134 2413 3182 quas

302 3187 363 3242 ἳ-
520 3185 524 3189 ’
553 3202 561 3211 <
590 3200 631 3255 ἰ,
675 3203 810 3239 cum
836 3188 1206 3253 perlegissem,
1233 3188 1426 3241 nostro
1454 3204 1693 3254 quoque
1717 3189 1791 3241 D.
1815 3188 2112 3242 CURTIO
2136 3189 2413 3255 legendas

434 3255 521 3315 ῗ
590 3272 637 3304 ⁴
675 3259 824 3311 dedi.
852 3259 946 3311 Ab
969 3275 1040 3311 eo
1061 3259 1182 3324 ipso
1203 3260 1298 3311 die
1317 3266 1505 3312 totum
1529 3260 1642 3312 hoc
1665 3267 1897 3325 tempus
1917 3260 2034 3313 huc
2054 3260 2237 3325 usque
2256 3260 2412 3313 vale-

322 3327 330 3334 ’
420 3335 446 3358 ““
627 3352 630 3355 ·
673 3330 876 3382 tudine
894 3330 1137 3383 adversa
1153 3330 1415 3396 transegi,
1437 3334 1605 3383 initio
1627 3331 1867 3396 quidem
1889 3332 2306 3396 interpollatim
2327 3347 2412 3383 re-

2147 3403 2414 3455 currebat
