2664 4030
262 305 566 359 TYCHO
593 306 714 358 AD
741 305 1284 360 THADDAEUM
1311 307 1796 361 HAGECIUM
1823 310 1856 361 4
1882 309 2082 363 NOV.
2105 311 2251 364 1580
2323 312 2393 364 59

192 450 356 502 erim.
377 448 602 502 Verum
619 451 670 503 is
688 464 849 502 nunc
868 465 944 502 ne
964 449 1189 515 aliquid
1209 450 1413 503 damni
1438 452 1502 503 in
1520 465 1583 503 re
1601 449 1880 504 familiari
1906 455 2115 517 capiat,
2139 455 2394 518 patriam

193 525 250 573 et
272 519 407 573 suos
433 520 680 573 revisere
700 520 1003 581 constituit,
1029 521 1193 574 brevi
1217 520 1335 574 huc
1357 521 1433 574 ad
1455 537 1569 582 me,
1594 521 1776 574 veluti
1794 522 1996 587 sponte
2016 524 2174 585 dixit,
2201 540 2392 578 rever-

191 590 375 653 suruS‚
401 598 466 644 ut
490 590 659 644 simul
684 591 1117 645 observationes
1142 593 1536 646 instrumentis
1561 595 1726 654 meiS,
1754 610 1890 659 quae
1914 597 2082 648 varia
2108 602 2164 648 et
2188 596 2394 662 insigni

190 662 595 728 magnitudine
614 669 791 728 atque
812 663 1072 729 diligenti
1092 663 1493 717 elaboratione
1512 680 1622 718 nec
1640 668 1838 730 parvis
1856 665 2139 719 sumtibus
2159 674 2215 720 et
2232 667 2393 720 labo-

120 753 143 788 5
191 734 353 787 ribus
371 733 618 795 adorno,
638 735 894 787 iucunde
916 741 971 787 et
989 735 1207 788 utiliter
1227 751 1624 789 exerceamus,
1652 736 1894 789 Exstruo
1915 740 2093 790 etiam
2111 738 2394 804 insignem

191 805 454 866 domum,
476 821 612 870 quae
632 805 1150 859 instrumentorum
1165 809 1311 874 varij
1331 810 1560 873 generis
1574 808 1952 861 commodam
1966 809 2394 875 dispositionem

191 876 469 938 admittet,
497 878 621 929 una
641 893 778 930 cum
802 877 1161 931 laboratorio
1180 879 1464 944 peculiari
1483 895 1591 944 pro
1611 879 1893 946 chymicis
1913 883 2216 947 exercitijs,
2246 897 2393 947 prae·

190 947 383 1000 sertim
403 954 694 1013 quantum
708 949 784 1001 ad
799 949 1165 1002 Medicinam
1179 950 1539 1016 Spagiricam
1558 949 1786 1016 spec'tat,
1808 953 2240 1006 continuandis,
2261 953 2392 1005 Per-

191 1019 334 1072 duxi
348 1026 548 1072 autem
561 1035 687 1072 non
699 1019 818 1073 sine
834 1036 1053 1086 magno
1066 1021 1258 1074 sumtu
1272 1028 1328 1074 et
1341 1022 1622 1074 constanti
1635 1021 1854 1083 labore,
1869 1023 2069 1076 multis
2084 1023 2394 1076 exantlatis

101 1110 144 1146 ιο
191 1090 465 1157 molestijs
482 1097 538 1144 et
554 1090 1010 1152 difficultatibuS,
1032 1107 1104 1144 eo
1124 1092 1307 1158 usque
1328 1108 1479 1157 opus
1497 1100 1702 1155 totum,
1723 1100 1787 1146 ut
1804 1094 1937 1147 Deo
1952 1094 2193 1147 feliciter
2206 1095 2393 1160 auspi-

191 1168 360 1215 cante
386 1161 585 1215 futura
609 1165 879 1227 proxime
903 1163 1230 1228 septimana
1254 1164 1358 1216 sim
1382 1167 1738 1230 migraturus
1762 1168 1826 1217 in
1850 1181 2040 1219 novas
2061 1166 2193 1219 illas
2212 1167 2394 1219 AEdes

190 1233 438 1287 Uraniae
448 1241 750 1299 perpetuo,
761 1235 942 1287 modo
954 1235 1102 1287 astra
1112 1235 1388 1287 Borealia
1396 1235 1470 1288 sic
1480 1235 1734 1295 tulerint,
1746 1236 1983 1298 dicataS‚
1995 1244 2051 1290 et
2060 1237 2179 1290 illic
2189 1236 2395 1291 nactus

190 1307 482 1358 maiorem
502 1306 981 1358 commoditatem
998 1306 1619 1371 tranquillitatemque,
1646 1307 1780 1359 Deo
1799 1308 2051 1369 volente,
2078 1324 2182 1373 per
2208 1311 2395 1361 otium

82 1389 166 1432 llv
190 1375 525 1442 hybernum
544 1375 978 1429 observationes
998 1383 1053 1429 et
1073 1377 1594 1430 demonstrationes
1614 1373 1635 1446 ΙΙ
1656 1378 1893 1440 nostraS‚
1921 1395 2069 1444 quas
2091 1379 2276 1432 habui
2294 1396 2394 1433 va-

100 1468 143 1504 15
190 1450 309 1500 rias
329 1454 385 1500 et
404 1454 590 1500 certas
609 1454 731 1500 tam
745 1450 808 1500 in
821 1447 1030 1500 ultimo
1043 1451 1258 1501 maiori
1273 1449 1524 1502 Cometa
1538 1464 1720 1514 quam
1734 1449 1848 1502 hoc
1861 1452 2096 1510 minori,
2118 1453 2220 1515 qui
2235 1467 2395 1504 nunc

191 1518 555 1585 conspicitur,
582 1518 898 1580 absolvam,
927 1519 1140 1584 easque
1165 1519 1268 1572 tibi
1295 1526 1351 1572 et
1375 1520 1508 1586 alijs
1529 1521 1770 1573 eruditis
1790 1522 2267 1582 communicabo;
2294 1523 2395 1575 ubi

190 1592 342 1643 inter
360 1589 480 1643 alia
500 1596 656 1643 certo
677 1606 752 1643 ex
770 1590 1006 1643 diversis
1026 1590 1528 1644 observationibus
1549 1598 1605 1644 et
1623 1592 1950 1645 rationibus
1977 1593 2394 1646 demonstratu-

190 1677 293 1714 rus
310 1661 454 1723 sum,
474 1668 751 1714 neutrum
772 1661 991 1714 horum
1008 1662 1397 1715 Cometarum
1417 1663 1669 1715 exstitisse
1682 1666 1746 1715 in
1759 1663 2120 1717 Elementari
2139 1667 2395 1730 regione,

188 1732 286 1787 sed
304 1732 478 1799 longe
497 1732 669 1798 super
682 1733 917 1786 Lunam
936 1736 1000 1786 in
1018 1733 1141 1798 ipso
1162 1734 1381 1787 aethere
1400 1734 1562 1787 sedes
1580 1741 1635 1787 et
1650 1742 1880 1788 motum
1893 1735 2064 1788 suum
2078 1736 2394 1789 obtinuisse.

95 1825 143 1861 zo
191 1804 354 1858 Nam
371 1806 533 1870 prior
553 1807 731 1858 etiam
750 1805 1070 1858 Horizonti
1087 1807 1461 1859 vicinissimus
1480 1822 1794 1871 nunquam
1813 1807 2039 1860 admisit
2063 1807 2397 1872 parallaxin

189 1878 481 1929 maiorem
508 1878 679 1929 tertia
706 1882 870 1942 parte
899 1879 1078 1929 unius
1106 1878 1337 1943 graduS,
1366 1877 1463 1930 sed
1490 1877 1716 1943 semper
1743 1881 2053 1939 minorem,
2083 1882 2169 1931 uti
2196 1879 2396 1932 multis

189 1947 517 2002 rationibus
545 1947 927 2001 infallibiliter
953 1948 1450 2002 demonstraturus
1475 1949 1619 2002 sum.
1646 1949 1865 2009 Huius,
1893 1953 1995 2015 qui
2020 1966 2180 2002 nunc
2206 1950 2394 2011 durat,

192 2019 459 2073 Cometae
473 2018 806 2085 parallaxes
820 2019 972 2072 adeo
985 2020 1116 2072 sunt
1130 2023 1375 2086 exiguae,
1393 2026 1459 2073 ut
1470 2020 1577 2073 sint
1589 2020 1942 2074 insensibiles
1955 2037 2124 2086 pene,
2142 2027 2206 2074 ut
2218 2021 2395 2086 plane

190 2106 316 2144 non
329 2090 591 2144 dubitem
605 2106 745 2144 eum
758 2092 862 2144 esse
876 2091 1218 2144 aethereum.
1233 2091 1382 2145 Tuae
1397 2092 1830 2145 observationes
1844 2095 1907 2145 in
1920 2093 2130 2145 ultimo
2145 2092 2397 2145 Cometa

96 2183 143 2219 2⁵
191 2162 267 2216 ob
297 2161 817 2215 instrumentorum
846 2166 1161 2228 penuriam
1192 2179 1317 2216 non
1343 2162 1582 2215 fuerunt
1610 2161 1831 2216 exadtae
1860 2179 2055 2229 neque
2084 2163 2395 2216 intervallo

114 2242 143 2286 ·1·
191 2233 249 2288 18
272 2236 641 2287 minutorum
659 2236 941 2299 temporis
965 2249 1070 2298 per
1089 2234 1721 2287 REGIOMONTANI
1746 2237 2038 2288 rationem
2062 2235 2396 2300 parallaxes

191 2307 274 2359 ita
290 2305 691 2367 variabantur,
717 2311 782 2358 ut
807 2305 1051 2358 discerni
1076 2312 1132 2358 et
1156 2306 1424 2371 indagari
1447 2312 1734 2371 poterant,
1762 2306 1983 2358 etiamsi
2003 2313 2231 2368 caetera,
2258 2322 2395 2371 quae

192 2376 269 2430 ad
288 2375 755 2429 observationem
774 2377 1239 2441 requirebantur,
1267 2392 1403 2442 quae
1427 2376 1566 2430 sane
1591 2393 1716 2430 non
1734 2377 1892 2430 levia
1910 2385 2077 2431 erant
2095 2394 2204 2430 nec
2224 2378 2395 2430 facile

192 2447 428 2509 dabilia,
448 2445 599 2501 reete
618 2447 675 2500 se
695 2447 1048 2501 habuerunt.
1070 2448 1283 2513 Neque
1299 2448 1551 2501 Cometa
1566 2464 1836 2513 unquam
1853 2465 1990 2502 cum
2002 2449 2226 2514 Aquila
2240 2449 2395 2501 visus

97 2539 180 2584 ³05·
194 2518 270 2572 est
289 2518 633 2580 culminare‚
653 2534 763 2571 nec
781 2518 824 2571 fi
841 2517 1062 2573 factum
1081 2521 1223 2580 esset,
1244 2519 1564 2584 parallaxis
1583 2519 1720 2572 inde
1735 2520 1862 2573 dari
1874 2523 2080 2584 potuit,
2098 2526 2162 2572 ut
2174 2523 2238 2572 in
2252 2520 2394 2572 Dia-

191 2590 311 2644 lexi
334 2596 439 2643 tua
461 2605 586 2655 prae
606 2591 1092 2656 occupationibus
1110 2593 1309 2644 minus
1329 2590 1685 2644 considerate
1706 2591 1946 2643 docuisti
1965 2597 2020 2643 et
2039 2594 2102 2644 in
2121 2591 2225 2643 illo
2244 2591 2394 2644 libro

192 2662 265 2716 de
280 2661 532 2715 Cometa
551 2661 867 2715 exercuisti.
888 2661 1192 2715 Distantiae
1211 2678 1353 2714 vero
1374 2678 1411 2714 a
1428 2662 1599 2714 stellis
1620 2662 1855 2715 diversis
1874 2662 2038 2715 horis
2056 2660 2225 2715 fadtae
2240 2668 2296 2715 et
2307 2665 2394 2714 in-

191 2732 524 2787 sensibiliter
536 2739 796 2795 mutatae,
813 2740 879 2786 ut
893 2733 1132 2799 ipsemet
1146 2734 1350 2794 asseriS,
1370 2736 1728 2786 convincunt
1739 2736 1985 2786 minime
1998 2740 2225 2786 tantam
2237 2733 2395 2786 fuisse

191 2804 542 2870 parallaxin,
563 2811 851 2870 quantam
869 2806 1075 2866 asseris,
1095 2808 1218 2858 imo
1238 2820 1314 2857 ne
1328 2804 1655 2858 sensibilem
1670 2805 1931 2870 quidem;
1952 2805 2048 2858 sed
2062 2805 2134 2858 de
2148 2804 2241 2857 his
2255 2805 2396 2858 alibi

100 2897 147 2933 ³⁵
194 2875 386 2930 latiuS.
413 2875 797 2930 SCULTETI
816 2876 1337 2929 demonstrationes
1355 2876 1510 2929 falsis
1528 2879 1795 2929 nituntur
1813 2876 2213 2929 fundamentis
2234 2882 2289 2928 et
2309 2891 2394 2928 er-

193 2950 391 3000 roneis
422 2947 940 3009 observationibuS,
973 2954 1038 3000 ut
1068 2947 1186 3013 ipse
1216 2947 1723 3008 VVITTICHIUS,
1756 2963 1794 3000 a
1825 2963 1945 3012 quo
1979 2963 2080 3000 eas
2111 2947 2394 3009 desumsit,

193 3034 354 3072 nunc
372 3018 607 3080 fatetur;
634 3018 768 3072 ideo
794 3018 945 3071 nihil
964 3019 1187 3085 probat,
1215 3019 1376 3084 quod
1396 3019 1649 3071 eandem
1666 3018 1788 3072 fere
1807 3025 2003 3072 tecum
2021 3019 2276 3085 posuerit
2294 3034 2395 3084 pa-

194 3089 464 3143 rallaxin.
493 3090 608 3143 Sed
634 3090 814 3152 brevi,
844 3090 978 3143 Deo
1006 3090 1258 3150 volente,
1288 3089 1532 3143 habebis
1560 3106 1725 3143 meas
1754 3090 2186 3143 observationes
2217 3097 2271 3143 et
2300 3090 2395 3143 de-

194 3161 641 3214 monstrationes
668 3164 733 3214 in
759 3167 1012 3226 utroque
1042 3161 1294 3214 Cometa
1322 3177 1359 3213 a
1387 3164 1471 3214 rei
1499 3164 1758 3222 veritate,
1789 3169 2082 3227 quatenus
2111 3164 2174 3214 in
2202 3161 2395 3214 sensus

87 3243 165 3288 12¹
195 3231 364 3293 cadit,
390 3247 516 3284 non
540 3227 943 3301 ab-sserranteS.
974 3232 1212 3285 Addam
1237 3235 1415 3285 etiam
1440 3232 1959 3286 instrumentorum
1984 3248 2257 3285 meorum
2282 3233 2394 3285 for-

194 3318 358 3356 mam
393 3310 448 3356 et
482 3301 966 3356 constructionem
999 3310 1055 3356 et
1086 3303 1307 3357 Solaris
1344 3304 1543 3357 cursus
1581 3304 1925 3369 exquisitam
1961 3304 2393 3364 restitutionem,

196 3389 379 3440 quam
412 3374 877 3440 praecedentibus
909 3377 1083 3428 annis
1118 3374 1409 3440 inquisivi,
1448 3376 1598 3428 adeo
1631 3382 1696 3428 ut
1727 3391 1863 3428 cum
1895 3374 2395 3498 observationibus

338 3456 383 3492 a·
2206 3449 2270 3498 in
2311 3448 2396 3497 ies
