2664 4030
110 1095 153 1131 10

88 1301 177 1345 21*

111 1452 154 1488 15

116 3099 162 3135 35

340 289 645 344 TYCHO
672 290 795 343 AD
823 289 1757 344 CAROLUMDANZAEUM
1783 292 1846 344 21
1873 292 2075 346 AUG.
2103 294 2248 347 1583
2333 295 2402 347 75

199 432 633 487 observationes
647 436 895 499 reperio,
911 434 1074 487 Nam
1084 440 1140 487 et
1151 449 1259 500 ego
1272 433 1570 487 multoties
1583 432 1681 487 hic
1696 436 1823 487 eius
1837 434 2208 488 altitudinem
2218 439 2403 490 maxi-

198 520 363 558 mam
381 520 437 570 p.
457 505 527 559 25
546 521 624 558 m.
646 505 734 560 1oe
751 504 988 570 praecise
1009 505 1328 568 observavi,
1354 505 1456 559 ubi
1474 505 1768 571 AEquator
1786 506 2069 559 attollitur
2087 523 2142 572 p.
2164 507 2233 560 34
2253 523 2330 561 m.
2351 509 2402 570 7,

200 576 471 642 adeoque
488 576 801 630 declinatio
815 592 870 642 p.
885 577 920 629 8
932 592 1010 630 m.
1025 578 1094 630 57
1108 577 1285 642 plane
1299 584 1363 630 ut
1376 584 1495 639 tua,
1516 578 1678 642 quod
1698 592 1959 630 errorem
1978 585 2204 643 quartae
2223 582 2405 645 partis

199 651 263 702 in
283 646 619 714 aequinodtij
641 649 1010 714 praecessione
1026 648 1359 714 Copernico
1373 648 1675 715 hucusque
1690 648 1959 715 irrepfisse
1974 652 2281 712 convincit,
2301 667 2403 717 po-

200 719 303 773 fita
323 720 531 773 eadem
552 735 688 772 cum
707 719 830 784 ipso
849 719 1175 782 latitudine,
1198 735 1380 785 quam
1401 723 1579 774 etiam
1593 720 1872 786 exquifite
1886 721 2142 774 duarum
2157 723 2261 775 esse
2273 738 2404 788 par-

199 794 349 844 tium
373 807 478 857 per
504 790 624 844 alia
647 791 1030 844 instrumenta
1055 791 1432 857 deprehendi,
1463 798 1528 845 ut
1553 791 1694 845 alibi
1719 791 1849 845 haec
1876 798 1931 845 et
1956 792 2259 859 plaeraque
2286 794 2406 847 alia

201 862 431 929 copiose
458 862 882 916 demonstrabo
910 862 1024 916 Sed
1050 866 1284 916 interim
1311 864 1454 916 dum
1479 863 1679 926 scribo,
1706 870 1939 929 tempus
1960 879 2057 917 me
2077 864 2197 918 alio
2216 872 2404 927 vocat,

200 933 607 1000 prohibetque,
637 941 930 999 quantum
956 934 1153 997 velim,
1182 942 1378 988 tecum
1407 934 1681 1001 colloqui.
1712 935 1889 989 Dabo
1914 942 2116 989 tamen
2142 952 2404 1002 operam,

200 1012 265 1058 ut
284 1005 405 1058 alia
424 1005 726 1058 occafione
747 1005 961 1068 oblata,
983 1006 1271 1072 copiofius
1291 1007 1363 1059 de
1382 1006 1476 1059 his
1489 1013 1666 1072 atque
1681 1007 1814 1073 alijs
1826 1014 2022 1060 tecum
2035 1023 2224 1074 agam.
2239 1008 2405 1070 Vale,

202 1083 258 1130 et
282 1077 447 1138 mihi,
475 1093 612 1130 cum
637 1077 881 1140 licuerit,
908 1077 1217 1131 rescribere
1242 1094 1367 1131 non
1388 1081 1720 1131 intermitte.
1742 1079 2169 1133 Verumtamen
2188 1080 2406 1133 addam

201 1147 316 1201 hoc
335 1164 542 1210 unum,
565 1149 725 1215 quod
741 1164 914 1215 paene
928 1149 1321 1216 neglexeram.
1343 1149 1520 1202 Hisce
1534 1150 1740 1203 diebus
1755 1150 1974 1203 Comes
1989 1150 2234 1216 quidam
2246 1153 2406 1218 Ang-

201 1219 294 1273 lus
310 1223 629 1285 primarius
643 1221 882 1287 Reginae
896 1221 972 1274 ad
986 1221 1203 1286 Regem
1215 1220 1476 1274 nostrum
1491 1221 1759 1287 LegatuS,
1776 1228 1842 1274 ut
1858 1221 2047 1287 ipsum
2059 1224 2123 1274 in
2137 1222 2408 1276 ordinem

202 1291 485 1357 Equitum
511 1287 533 1361 ΙΙ
560 1292 702 1345 Divi
729 1292 1063 1355 GEORGIJ
1083 1291 1411 1345 honorifice
1432 1292 1720 1345 consuetis
1741 1295 2090 1359 ceremonijs
2110 1296 2407 1359 reciperet,

203 1379 340 1416 cum
364 1362 703 1429 perfunctus
730 1365 856 1433 esset
881 1363 985 1416 sua
1010 1364 1170 1428 apud
1196 1363 1439 1429 Regiam
1459 1363 1827 1416 Maiestatem
1851 1363 2160 1430 legatione,
2187 1380 2284 1417 me
2310 1365 2409 1418 hic

201 1434 407 1496 invifit,
422 1437 663 1500 unaque
677 1438 828 1488 inter
842 1442 1084 1488 caeteros
1100 1435 1363 1488 Comites
1377 1435 1685 1488 Medicum
1699 1433 2019 1488 Dotstorem
2028 1435 2408 1489 THOMAM

203 1505 616 1560 MUFETUM
640 1506 838 1559 secum
862 1505 1086 1559 habuit.
1114 1506 1168 1559 Is
1195 1522 1332 1559 cum
1356 1508 1443 1559 tui
1469 1509 1620 1560 inter
1646 1521 1756 1559 nos
1782 1505 2114 1560 honorifica
2136 1508 2410 1560 incidisset

202 1580 443 1640 menti0,
469 1580 634 1644 petijt
652 1584 716 1630 ut
734 1577 838 1630 tibi
860 1593 966 1643 per
985 1577 1353 1631 occasionem
1373 1578 1573 1631 datam
1591 1578 1695 1631 suo
1715 1581 1960 1631 nomine
1985 1578 2307 1643 plurimam
2326 1579 2408 1632 sa-

202 1649 387 1702 lutem
406 1649 662 1702 dicerem
680 1656 970 1715 tuumque
990 1649 1198 1711 filium,
1220 1652 1323 1715 qui
1341 1652 1406 1702 in
1425 1649 1644 1715 Anglia
1664 1649 1756 1711 est,
1777 1647 1930 1702 rec'te
1949 1649 2170 1703 habere
2191 1651 2408 1703 indica-

202 1735 345 1846 ἔξω.
376 1721 595 1773 Iterum
619 1720 862 1775 feliciter
886 1721 1037 1774 vale.
1068 1721 1244 1775 Datae
1271 1721 1713 1788 Uranienburgi
1736 1724 1801 1774 in
1826 1721 2022 1775 Insula
2047 1722 2295 1775 Huaena
2322 1722 2408 1774 23.

245 1792 492 1858 eptemb.
513 1792 658 1847 1582.
767 1815 769 1817 ’

205 2004 280 2051 [Ex
300 2006 544 2052 apographo
564 2005 609 2043 in
629 2006 773 2044 codice
792 2005 963 2045 Archivi
983 2006 1114 2053 Regni
1134 2006 1303 2044 Daniae:
1322 2006 1445 2044 Arch.
1465 2005 1567 2052 priv.
1587 2006 1716 2052 Tych.
1738 2005 1876 2052 Brah.]

490 2093 887 2170 TYCHO
931 2094 1316 2168 BRAHE
1354 2094 1516 2167 AD
1558 2093 2123 2168 CAROLUM

1079 2198 1537 2252 DANZAEUM.

384 2344 389 2351 .
475 2343 480 2347 ,
514 2290 529 2292 “
675 2294 1064 2349 AGNIFICE
1081 2293 1343 2347 Domine
1360 2291 1733 2354 DANZAEE,
1751 2294 1960 2346 Amice
1977 2292 2207 2346 summa
2223 2292 2409 2346 obser-

624 2402 647 2425 -÷
675 2369 878 2420 vantia
903 2365 1166 2427 colende,
1193 2365 1442 2418 reddidit
1460 2363 1829 2418 Architectus
1854 2380 2024 2417 meus
2046 2363 2195 2416 mihi
2214 2365 2412 2417 literas

453 2432 478 2481 ῤ’
512 2425 533 2446 ’
590 2430 646 2476 ss*
677 2454 714 2491 a
726 2444 782 2491 te
795 2438 999 2500 missaS,
1021 2437 1235 2502 quibus
1253 2439 1488 2502 percepi
1506 2443 1578 2496 te,
1599 2436 1732 2488 licet
1750 2439 1902 2489 inter
1919 2436 2159 2501 politica
2177 2438 2413 2501 negotia

334 2558 339 2580 ,
367 2541 373 2550 κ
432 2520 438 2530 ’
483 2509 530 2565 »Ϊῖ
602 2570 606 2574 ,
675 2508 1069 2563 iammultum
1084 2510 1363 2573 temporis
1377 2508 1537 2574 apud
1552 2507 1826 2560 Cimbros
1846 2507 2243 2568 consumseriS,
2264 2523 2411 2559 non-

246 2576 275 2637 ’ὶῗ
297 2592 313 2621 z
504 2572 545 2633 is
595 2575 639 2638 '³2⁴3
677 2580 821 2633 dum
831 2579 1453 2634 tamenHuenenfium
1462 2581 1816 2632 memoriam
1827 2578 2162 2639 obliterasse,
2173 2594 2281 2644 pro
2293 2594 2413 2643 qua

468 2683 471 2685 >
604 2654 612 2668 ²
619 2642 648 2700 j
676 2652 968 2705 benevola
982 2667 1119 2718 erga
1133 2667 1244 2704 nos
1261 2649 1570 2704 affedtione
1587 2651 1691 2703 tibi
1706 2665 1953 2716 magnas
1969 2649 2164 2702 habeo
2180 2651 2410 2715 gratias,

210 2726 340 2780 Nos
352 2725 486 2779 licet
496 2724 760 2779 absentes
770 2726 857 2776 tui
866 2726 1219 2776 memoriam
1231 2722 1420 2776 indies
1431 2722 1762 2782 recolimuS,
1779 2721 2164 2787 optamusque
2176 2727 2239 2773 ut
2248 2721 2413 2774 brevi

207 2797 524 2851 incolumis
544 2797 621 2850 ad
639 2811 751 2849 nos
770 2798 1096 2848 revertaris,
1122 2794 1300 2859 Quod
1321 2793 1715 2860 Sycophantae
1736 2793 1980 2858 quidam
2000 2793 2180 2845 aulici
2198 2798 2254 2844 te
2274 2807 2411 2844 vex-

210 2875 324 2930 ent,
358 2874 587 2953 oportet
614 2875 670 2920 te
698 2883 916 2933 magno
947 2869 1149 2919 animo
1178 2865 1346 2927 serre,
1380 2872 1435 2918 et
1466 2865 1649 2918 finem
1681 2862 2004 2929 expectare,
2038 2879 2158 2929 quo
2186 2863 2412 2916 videbis

210 2943 416 2994 omnia
435 2943 499 2992 in
518 2939 777 3005 ipsorum
797 2938 1030 2991 retundi
1050 2944 1240 3003 caput.
1268 2937 1404 2989 Hoc
1429 2952 1615 3002 genus
1634 2936 1950 2988 hominum
1970 2932 2288 2988 delectatur
2308 2934 2411 2987 ali-

210 3028 384 3065 orum
409 3009 743 3072 afflietione,
771 3025 953 3075 quam
978 3009 1167 3061 indies
1195 3008 1373 3061 astute
1399 3007 1791 3068 machinatur,
1818 3013 1883 3059 ut
1904 3006 2006 3059 fibi
2024 3007 2266 3059 tandem
2284 3021 2411 3071 per-

210 3085 427 3136 niciem
448 3083 730 3147 (debitam
747 3080 1103 3144 mercedem)
1123 3080 1220 3132 vel
1239 3079 1373 3132 Deo
1392 3079 1583 3132 ultore
1606 3085 1830 3145 parent.
1859 3078 1973 3132 Sed
1992 3084 2114 3130 tute
2133 3077 2248 3130 hoc
2266 3077 2413 3130 nosti

210 3154 440 3207 meliuS.
471 3154 735 3207 Salutem
761 3168 943 3218 quam
970 3151 1252 3205 ERICUS
1278 3150 1638 3204 LANGIUS
1663 3149 1812 3202 mihi
1836 3165 1941 3215 per
1966 3156 2022 3202 te
2048 3150 2207 3207 dixit,
2234 3148 2413 3201 velim

211 3232 276 3279 ut
294 3224 398 3290 ipfi
416 3225 651 3287 referas,
673 3227 945 3290 quamvis
966 3239 1125 3276 nunc
1146 3239 1217 3276 eo
1237 3222 1526 3275 felicitatis
1541 3224 1872 3287 pervenerit
1887 3221 1995 3286 (uti
2008 3221 2082 3274 ab
2098 3218 2412 3273 architedto

211 3312 348 3350 meo
362 3295 648 3362 intelligo)
663 3302 728 3348 ut
737 3298 837 3348 vix
847 3295 1103 3361 indigeat
1113 3294 1497 3359 auspicatiore
1509 3300 1665 3346 vot0.
1681 3293 2241 3358 Multiplicationem
2253 3294 2413 3343 enim

211 3368 420 3421 farinae
441 3367 792 3420 adinvenisse
812 3366 1006 3419 ferunt
1023 3366 1097 3419 ab
1114 3368 1338 3419 unitate
1352 3368 1416 3418 in
1428 3367 1754 3418 ternarium
1767 3380 1926 3417 novo
1941 3363 2275 3484 Alchymialftz
2288 3378 2411 3444 my-

359 3450 424 3485 10·
2272 3448 2411 3493 erio,
