2644 4030
86 594 167 637 17*

104 1099 146 1134 10

105 1455 146 1490 15

88 1714 165 1758 17*

102 1883 148 1918 20

103 2239 150 2274 25

106 2595 153 2630 30

107 2951 153 2986 35

95 3156 179 3199 17v

109 3306 156 3341 40

275 298 579 354 TYCHO
599 298 722 352 AD
742 297 1286 351 THADDAEUM
1307 295 1794 351 HAGECIUM
1814 298 1835 349 1
1855 296 2055 351 NOV.
2077 297 2223 351 1589
2297 297 2388 351 217

192 444 396 495 mania
407 442 771 494 eruditorum
780 443 1062 501 virorum,
1076 456 1223 505 quas
1235 440 1307 493 de
1318 439 1431 492 hac
1440 441 1691 492 materia
1699 454 1936 492 mecum
1946 446 2183 505 agentes
2196 439 2390 493 habeo

193 514 679 578 quamplurimas,
700 514 823 564 una
838 527 973 564 cum
986 527 1122 564 mea
1135 512 1211 564 ad
1225 511 1477 577 singulas
1490 510 1860 576 responfione
1874 510 2093 576 publici
2104 513 2249 564 iuris
2262 510 2392 563 fieri

192 587 543 649 permittam,
571 583 730 648 quod
756 586 952 643 etiarn,
980 585 1122 647 quia
1146 583 1222 635 ad
1247 598 1374 635 rem
1395 582 1551 634 hanc
1573 581 1975 634 illustrandam
1994 577 2016 650 ΙΙ
2036 598 2160 634 non
2178 597 2392 646 parum

192 655 383 715 faciat,
413 657 658 707 minime
687 654 1102 719 denegandum
1130 654 1294 714 duxi;
1324 653 1589 706 constitui
1619 656 1779 705 enim
1805 655 1868 704 in
1893 660 2104 717 quarto
2131 653 2392 718 quodam

193 726 385 778 Tomo
406 741 614 778 omnes
634 725 760 786 haS‚
783 732 838 777 et
854 725 894 776 fi
911 740 1060 789 quas
1077 731 1363 789 praeterea
1377 725 1449 776 de
1463 723 1578 776 hoc
1591 727 1828 789 negotio
1843 723 1918 776 ab
1934 723 2173 776 eruditis
2186 722 2393 777 nactus

192 797 361 850 fuero
386 797 584 849 literas
609 798 733 849 una
758 812 894 849 cum
919 796 1124 848 nostris
1149 796 1619 861 rescriptionibus
1640 803 1695 848 et
1713 795 2038 862 ApologiJS,
2061 794 2103 847 fi
2126 798 2228 860 qui
2247 795 2392 847 ulte-

193 871 316 920 rius
342 868 484 932 quid
511 868 908 920 contradicere
933 867 1417 932 praesumpserint,
1446 866 1678 919 seorfim
1704 868 1893 928 edere,
1923 867 2084 932 quod
2109 866 2206 918 hic
2232 866 2307 919 ob
2334 866 2393 918 id

194 940 453 992 indicare
473 938 654 1000 volui,
678 946 742 991 ut
764 945 980 991 attente
1002 945 1057 990 et
1076 938 1391 990 deliberate
1412 938 1656 1002 satisque
1676 937 2003 990 luculenter
2022 940 2227 990 omnia
2245 937 2394 989 mihi

193 1010 289 1063 vel
311 1010 415 1063 abs
438 1017 493 1062 te
513 1010 608 1062 vel
634 1010 765 1075 alijs
790 1025 895 1074 per
919 1016 975 1061 te
1001 1009 1114 1061 hac
1140 1010 1212 1061 de
1238 1025 1300 1061 re
1326 1009 1663 1070 scribantur,
1691 1009 1851 1074 quod
1877 1015 1934 1061 et
1958 1015 2150 1070 antea,
2176 1008 2218 1060 fi
2242 1006 2394 1061 redte

194 1083 456 1142 memini,
476 1083 702 1133 monui.
725 1081 838 1133 Sed
858 1087 1090 1146 tempus
1111 1080 1201 1136 est.
1223 1088 1285 1132 ut
1305 1096 1464 1132 nunc
1477 1081 1717 1133 tandem
1731 1080 1864 1132 vela
1879 1080 2227 1133 contraham
2242 1079 2394 1132 cala-

193 1167 479 1217 mumque
499 1152 596 1204 hic
617 1151 909 1217 quiescere
929 1151 1130 1204 finam.
1156 1151 1358 1214 Quare
1378 1154 1591 1203 iterum
1612 1158 1667 1204 et
1686 1151 1897 1216 saepius
1916 1151 2049 1204 vale
2070 1166 2252 1216 quam
2271 1150 2394 1203 feli-

195 1225 419 1284 cissime,
442 1226 526 1275 mi
547 1224 927 1276 amantissime
948 1222 1390 1283 THADDAEE,
1419 1229 1474 1274 et
1498 1238 1594 1274 me
1615 1229 1753 1274 ante
1773 1222 1950 1275 Pasca
1968 1225 2082 1274 tuis
2103 1223 2394 1275 eruditissi-

194 1298 307 1347 mis
325 1295 523 1355 literis,
544 1301 671 1347 tum
692 1297 870 1347 etiam
891 1296 1088 1358 eximij
1111 1293 1269 1345 illius
1290 1294 1538 1345 Domini
1558 1293 1842 1356 CURTIJ,
1866 1293 1908 1345 fi
1929 1293 2015 1345 illi
2034 1297 2116 1346 ita
2136 1309 2394 1345 commo—

195 1368 339 1419 dum
366 1365 555 1427 fuerit,
586 1365 957 1418 revisendum
986 1380 1144 1425 cura,
1173 1367 1413 1429 iamque
1442 1367 1679 1417 tertium
1708 1371 1763 1417 et
1790 1365 2010 1429 pluries
2038 1364 2187 1417 vale.
2221 1364 2395 1417 Datae

196 1437 556 1502 Uraniburgi
574 1439 743 1502 prim.
765 1436 893 1489 Cal.
915 1436 1206 1488 Novemb.
1227 1435 1369 1502 stylo
1388 1438 1571 1488 veteri
1590 1437 1772 1488 Anno
1792 1436 1936 1488 1589.

1741 1530 1982 1583 TYCHO
2008 1530 2254 1614 ΒΚΑῌΕ,

1770 1616 1958 1654 manu
1975 1616 2231 1667 propria.

1018 1701 1213 1756 POST
1239 1702 1574 1755 SCRIPTA.

336 1793 479 1846 UIA
504 1795 568 1845 in
592 1792 750 1845 istius
775 1792 1133 1857 Diplomatis
1160 1791 1416 1845 Caesarei
1443 1794 1810 1845 mentionem
1834 1791 2166 1853 incidimuS,
2193 1790 2269 1844 est
2294 1790 2397 1844 ali-

354 1864 511 1930 quid,
527 1864 599 1917 de
614 1879 734 1929 quo
747 1870 943 1916 tecum
956 1866 1110 1916 circa
1122 1863 1269 1916 illud
1283 1863 1528 1915 ulterius
1542 1878 1731 1928 agere,
1746 1863 1788 1915 fi
1800 1866 1882 1916 ita
1894 1863 1998 1916 tibi
2006 1862 2195 1915 visum
2207 1861 2398 1923 fuerit,

196 1936 427 1988 vellem.
453 1935 830 2001 Privilegium
850 1937 1011 1987 enim
1029 1935 1177 1987 illud
1195 1937 1373 1987 nimis
1391 1934 1541 1986 mihi
1559 1934 1791 1987 videtur
1808 1934 2002 1995 breve,
2023 1949 2133 1987 nec
2152 1933 2285 1986 satis
2305 1949 2398 1986 co-

196 2007 426 2072 piosum
446 2015 548 2059 aut
568 2008 850 2060 decorum
869 2022 977 2071 pro
997 2009 1138 2059 artis
1158 2013 1214 2059 et
1231 2008 1498 2058 materiae
1521 2004 1840 2059 tractandae
1862 2004 2317 2071 magnificentia,
2344 2011 2400 2057 et

197 2078 390 2131 habeo
404 2078 566 2131 aliud
578 2094 615 2130 a
626 2078 778 2143 Rege
792 2077 1128 2131 Galliarum
1141 2078 1290 2130 mihi
1304 2078 1644 2138 concessum,
1661 2077 1821 2142 quod
1834 2077 2021 2129 multo
2036 2076 2111 2129 est
2125 2079 2399 2141 capacius

198 2157 253 2202 et
271 2149 593 2215 speciosius,
617 2152 681 2201 in
703 2150 1065 2214 Pergameno
1085 2148 1319 2214 insuper
1337 2148 1611 2212 scriptum
1631 2155 1686 2201 et
1705 2163 1893 2201 manu
1911 2148 2091 2213 Regia
2113 2147 2399 2213 subfigna-

198 2228 341 2282 tum,
371 2224 538 2273 cuius
568 2221 908 2285 exemplum
934 2221 1038 2272 tibi
1065 2223 1248 2272 mitt0.
1282 2220 1589 2272 DANIEL
1618 2222 1797 2272 etiam
1825 2218 2282 2279 ROGERSIUS‚
2310 2221 2401 2270 vir

197 2290 521 2357 spectabilis
542 2294 680 2344 etin
700 2294 905 2356 primis
927 2291 1207 2352 literatuS,
1234 2291 1472 2356 Reginae
1492 2291 1727 2356 Angliae
1746 2293 1810 2343 in
1829 2290 2094 2343 Daniam
2112 2289 2400 2342 secundus

199 2364 468 2429 LegatuS,
492 2378 629 2415 cum
647 2365 916 2428 proxime
937 2362 1034 2414 hic
1055 2362 1214 2427 apud
1233 2378 1330 2414 me
1351 2363 1493 2424 esset,
1514 2361 1570 2414 se
1590 2362 1739 2414 mihi
1758 2377 1795 2414 a
1814 2361 2161 2414 serenissima
2180 2361 2401 2427 Regina

198 2434 226 2486 s
222 2450 302 2487 ua
316 2437 494 2487 etiam
507 2435 885 2499 Privilegium
898 2436 1350 2499 impetraturum
1362 2433 1697 2498 spondebat,
1718 2433 1878 2499 quod
1897 2432 2144 2498 seipsum
2160 2435 2242 2485 ita
2256 2431 2400 2485 terse

201 2513 256 2558 et
284 2505 611 2558 honorifice
641 2505 1102 2570 conscripturum
1130 2505 1339 2566 aiebat,
1369 2511 1434 2557 ut
1460 2504 1843 2558 Gallicanum
1872 2507 2050 2557 etiam
2076 2503 2402 2569 plurimum

202 2577 511 2630 excelleret
530 2579 668 2629 etin
686 2577 1050 2642 Pergameno
1071 2591 1310 2641 quoque
1330 2591 1517 2628 manu
1537 2576 1775 2642 Reginae
1794 2575 2172 2640 subscriptum
2198 2590 2400 2627 exara-

193 2654 376 2710 ¹retur.
397 2648 491 2701 Sic
510 2648 585 2700 ab
606 2648 1031 2712 Hispaniarum
1045 2648 1215 2713 Rege,
1235 2647 1342 2700 nifi
1361 2650 1548 2700 nimia
1566 2647 1835 2700 locorum
1855 2646 2121 2699 distantia
2139 2653 2279 2699 vota
2297 2660 2401 2698 no·

199 2719 310 2772 stra
329 2719 651 2781 retardarit,
676 2719 842 2785 spero
862 2718 1238 2785 Privilegium
1258 2719 1526 2783 amplum
1546 2725 1601 2771 et
1619 2717 2023 2784 magnificum;
2050 2717 2271 2770 nollem
2296 2719 2401 2769 ita-

201 2806 334 2856 que,
354 2798 419 2843 ut
439 2790 713 2844 Caesarea
733 2790 1025 2852 Maiesta8‚
1050 2806 1187 2855 quae
1206 2793 1428 2855 primas
1447 2792 1598 2842 inter
1618 2790 1874 2855 Europae
1894 2790 2077 2854 Reges
2095 2795 2269 2850 tenet,
2294 2790 2401 2840 mi-

201 2861 444 2914 noribus
465 2868 522 2914 et
538 2862 921 2923 brevioribuS,
943 2877 1126 2927 quam
1145 2862 1246 2921 illi,
1266 2861 1437 2914 suum
1456 2861 1604 2913 mihi
1619 2861 1934 2913 clementer
1948 2861 2271 2913 concessum
2284 2859 2402 2912 Pri-

201 2933 480 2999 vilegium
501 2932 923 2999 comprehendi
943 2940 1255 2998 pateretur.
1282 2933 1347 2985 Id
1367 2935 1528 2985 enim
1548 2940 1603 2985 et
1621 2932 1797 2997 ipfius
1817 2931 2108 2984 Maiestati
2126 2946 2251 2989 non
2269 2930 2403 2983 satis

202 3003 600 3057 honorificum
621 3006 724 3057 esse
743 3006 989 3066 videtur,
1010 3020 1118 3057 nec
1139 3007 1279 3057 artis
1297 3003 1558 3056 sublimis
1578 3004 1939 3056 excellentiae
1959 3002 2238 3055 sufficere.
2262 3002 2402 3055 Peto

202 3078 401 3140 itaque
419 3090 525 3140 per
543 3078 865 3129 amicitiam
884 3076 1139 3128 nostram
1157 3076 1304 3128 velis
1324 3075 1571 3136 efficere,
1592 3082 1657 3127 ut
1674 3078 1738 3127 in
1759 3074 2132 3128 Cancellaria
2148 3074 2403 3139 Impera-

203 3149 355 3199 toria
382 3147 530 3198 mihi
558 3163 785 3199 novum
813 3147 1009 3199 adhuc
1037 3146 1333 3212 magisque
1363 3146 1631 3211 amplum
1660 3154 1716 3198 et
1742 3146 2038 3198 venustius
2067 3140 2089 3214 ΙΙ
2118 3145 2405 3198 condatur

204 3217 596 3283 Privilegium,
625 3218 803 3283 idque
829 3221 893 3270 in
918 3219 1297 3283 Pergamen0‚
1327 3217 1369 3269 fi
1396 3233 1666 3282 unquam
1690 3220 1872 3270 moris
1902 3217 1993 3278 est,
2023 3216 2403 3282 consignetur,

204 3304 392 3341 manu
417 3289 802 3354 Imperatoria
827 3289 1220 3353 subscriptum.
1247 3288 1605 3354 Magnificus
1631 3289 1930 3341 Dominus
1953 3287 2296 3342 CURTIUS
2321 3287 2403 3339 sa-

206 3361 314 3412 cile
339 3360 506 3412 suam
532 3376 776 3426 operam
803 3368 858 3412 et
883 3360 986 3412 tibi
1013 3368 1068 3412 et
1093 3361 1241 3412 mihi
1267 3361 1380 3412 hac
1405 3364 1468 3412 in
1493 3367 1656 3425 parte
1683 3363 1995 3425 impertiet;
2024 3366 2078 3412 et
2104 3374 2240 3412 cum
2266 3361 2405 3411 artis
2473 3381 2476 3385 ’

347 3442 393 3478 28
2227 3430 2405 3482 huius
