2644 4030
261 303 354 354 314
795 298 1236 351 EPISTOLAE
1262 297 1933 351 ASTRONOMICAE

263 442 379 495 tuti
405 444 467 494 et
489 439 870 521 ingenuitati
893 439 1307 492 adiudicanda
1333 438 1465 492 fuit.
1496 440 1696 506 Turpe
1722 438 1890 492 enim
1915 453 2042 492 non
2063 436 2148 504 est
2163 454 2459 502 errorem,

262 512 479 594 agnita
496 511 777 573 veritate,
801 510 1138 578 corrigere.
1163 510 1292 563 Sed
1307 525 1585 563 errorem
1601 513 1820 563 contra
1836 509 2167 564 veritatem
2186 509 2464 564 hominis

261 584 326 635 in
347 582 624 663 gratiam
652 581 828 644 tueri,
857 581 923 634 id
948 596 1101 635 vero
1127 579 1210 646 est
1233 579 1648 649 turpissimum.
1683 578 1865 647 Quasi
1839 596 2041 635 1vero
2063 579 2196 648 ipsa
2222 580 2462 649 experi-

264 653 431 708 entia
457 668 583 706 non
611 650 872 717 testetur,
897 652 1150 720 priores
1177 651 1313 705 dies
1334 650 1671 717 studiorum
1699 651 2032 719 discipulos
2055 649 2463 734 posteriorum

263 723 374 789 esse
386 723 607 791 solere.
635 724 765 777 Sed
783 724 978 786 vides,
1004 723 1151 790 quid
1167 737 1293 776 non
1315 725 1589 777 audeant
1604 721 1709 789 isti,
1733 723 1839 790 qui
1854 723 1921 775 in
1945 724 2137 777 verba
2148 721 2252 790 sui
2266 723 2463 792 magi·
2513 741 2535 776 5

254 794 364 862 stri
379 795 681 849 iurarunt.
716 794 953 849 Omnes
974 794 1163 848 etiam
1185 794 1688 857 Mathematicos,
1711 794 1818 862 qui
1840 794 2131 848 Cometas
2150 795 2466 848 aethereos

263 865 375 932 esse
396 864 789 932 asseruerunt,
814 864 1213 933 absurditatis
1233 865 1458 933 arguit,
1480 881 1607 919 non
1623 865 2155 928 animadvertens,
2179 867 2323 919 dum
2340 866 2465 933 opi-

261 938 513 991 nionem
546 936 1104 992 ARISTOTELIS
1131 937 1451 991 mordicus
1486 939 1703 991 tenere
1738 940 1803 990 et
1836 936 2001 990 tueri
2033 939 2311 1000 conatur,
2346 951 2467 991 nec

262 1007 462 1074 nostra
490 1011 781 1062 evertere
799 1006 1008 1076 potest,
1029 1006 1299 1075 seipsum
1326 1008 1392 1061 in
1417 1010 1607 1076 longe
1626 1007 1904 1062 maiores
1924 1006 2337 1075 absurditates
2355 1007 2465 1061 im-

256 1080 514 1148 plicare,
546 1081 1064 1147 quemadmodum
1091 1080 1207 1133 abs
1233 1083 1295 1134 te
1321 1077 1711 1144 eruditissime
1737 1078 2066 1133 evincitur.
2099 1078 2273 1144 Ouid,
2305 1081 2470 1147 quod
2519 1096 2562 1131 10

262 1149 2467 1290 ffffifflgaffifflfflessgffi‘zffffqssss‘ffss2122353135325ffl3551?

265 1293 743 1348 thematicorum
758 1293 953 1347 fuerit
964 1291 1457 1359 demonstratum,
1475 1295 1780 1361 quomodo
1795 1293 2190 1347 Cometarum
2204 1292 2470 1347 remotio

265 1381 302 1419 a
337 1368 526 1419 Terra
554 1365 905 1419 definienda
928 1363 1014 1431 sit,
1048 1367 1294 1432 quando
1321 1364 1617 1418 nimirum
1641 1364 1900 1432 proprio
1928 1365 2229 1418 incedunt
2249 1362 2466 1433 gressu,

265 1440 329 1491 et
345 1439 684 1504 propterea
704 1436 913 1491 REGI
913 1436 1159 1490 OMON
1162 1437 1361 1489 TANI
1381 1434 1961 1501 demonstrationem
1982 1435 2157 1490 abire
2176 1435 2242 1488 in
2262 1434 2467 1503 absur-
2521 1452 2563 1487 1⁵

267 1507 454 1561 dum?
484 1507 691 1575 Atqui,
728 1507 957 1575 optime
992 1507 1281 1571 TYCHO,
1318 1507 1720 1562 CRAIGIUS
1745 1509 1867 1561 hac
1893 1507 1960 1560 in
1989 1522 2061 1561 re
2090 1505 2278 1572 crasse
2308 1506 2468 1560 falli-

267 1583 382 1642 tur,
403 1594 762 1647 magnaque
781 1578 1012 1632 iniuria
1034 1578 1233 1632 afficit
1251 1579 1550 1646 optimum
1566 1578 1871 1632 artificem
1886 1578 2096 1633 REGI
2095 1577 2341 1633 OMON
2343 1577 2469 1631 ΤΑ-

266 1652 332 1703 N
336 1652 470 1713 UM,
501 1651 608 1718 qui
629 1650 694 1703 in
713 1649 828 1717 suo
853 1650 961 1703 illo
981 1652 1298 1717 praeclaro
1322 1651 1397 1704 de
1422 1650 1675 1704 Cometa
1700 1650 1910 1704 libello
1928 1650 2255 1717 problema
2274 1651 2324 1702 2.
2346 1651 2396 1702 3.
2418 1651 2468 1702 4.
2518 1653 2547 1697 ·1·

268 1720 490 1788 diserte
515 1725 742 1785 monet,
770 1721 836 1773 in
861 1721 1268 1789 indagatione
1281 1723 1690 1789 parallaxeos
1703 1721 1949 1789 proprij
1970 1721 2242 1775 Cometae
2260 1723 2471 1774 motus

265 1793 574 1846 rationem
589 1793 941 1846 habendam
957 1791 1084 1858 esse,
1109 1794 1628 1860 quemadmodum
1643 1793 1758 1846 abs
1773 1795 1834 1846 te
1851 1807 2093 1859 quoque
2109 1791 2248 1846 eius
2260 1795 2470 1846 motus
2519 1809 2565 1845 20
2628 1835 2635 1839 -

265 1864 427 1917 ratio
446 1864 658 1917 habita
679 1862 775 1929 est.
800 1864 1008 1929 Quare
1024 1865 1169 1916 dum
1184 1879 1261 1918 ea
1279 1864 1681 1918 CRAIGIUS
1697 1863 1986 1917 omnibus
2000 1862 2471 1917 Mathematicis

266 1936 545 2002 imputat,
577 1935 687 1988 tibi
712 1950 953 2002 quoque
979 1950 1105 1988 non
1131 1937 1340 1989 levem
1368 1935 1523 1988 facit
1539 1934 1851 1988 iniuriam.
1865 1936 2019 2016 ‘Ego
2041 1934 2288 2001 quidem
2307 1934 2374 1987 in
2395 1949 2475 1988 eo

272 2007 524 2060 Cometa
551 2010 615 2060 et
637 2006 703 2058 in
732 2008 931 2060 altero
960 2021 1202 2074 quoque
1230 2006 1368 2060 eius
1393 2009 1629 2060 motum
1652 2006 1979 2074 proprium
2007 2021 2110 2060 me
2139 2003 2470 2074 neglexisse

259 2077 563 2145 scientem
581 2079 1035 2159 volentemque,
1057 2078 1284 2131 lubens
1303 2077 1525 2131 fateor.
1549 2078 1679 2132 Sed
1694 2093 1775 2132 ne
1790 2073 1811 2147 ΙΙ
1826 2093 1908 2131 ex
1926 2076 2066 2131 eius
2081 2074 2471 2146 neglectione
2506 2085 2584 2130 18Γ

267 2149 562 2202 notabilis
577 2152 639 2203 et
650 2149 910 2203 minime
923 2149 1227 2203 ferendus
1241 2164 1423 2203 error
1434 2152 1786 2218 exurgeret,
1807 2164 1988 2203 meas
2003 2147 2471 2216 observationes
2519 2166 2566 2201 25

261 2222 533 2288 parvulo
549 2218 870 2274 interiecto
886 2224 1166 2302 tempore
1183 2218 1427 2286 institui,
1448 2220 1515 2273 in
1538 2236 1658 2288 quo
1676 2235 1803 2274 non
1825 2221 2157 2274 admodum
2168 2217 2473 2287 sensibilis

272 2292 538 2345 variatio
563 2295 774 2345 motus
793 2291 1038 2360 proprij
1066 2292 1339 2346 Cometae
1364 2291 1568 2346 fieret:
1597 2292 1820 2346 deinde
1844 2291 2134 2355 iudicavi,
2155 2290 2316 2358 satis
2341 2288 2470 2356 este,

270 2361 583 2429 consistere
608 2363 674 2415 in
699 2363 1132 2417 mediocritate
1161 2367 1226 2417 et
1244 2361 1469 2430 saltem
1493 2363 1759 2431 propius
1788 2363 2111 2417 collimare
2140 2363 2223 2416 ad
2247 2362 2471 2416 verita-

270 2438 410 2497 tem,
436 2450 622 2501 quam
643 2435 721 2487 ab
742 2434 887 2503 aliJ's
905 2434 1224 2502 hucusque
1243 2432 1474 2489 factum
1495 2432 1600 2500 est:
1627 2435 2146 2502 quemadmodum
2158 2435 2473 2502 praeclare

270 2506 424 2559 dixit
441 2505 1197 2561 REGIOMONTANUS:
1224 2505 1550 2573 thesauros
1575 2509 1824 2560 naturae
1848 2521 1969 2559 nos
1990 2521 2117 2559 non
2138 2519 2469 2568 evacuare,
2521 2521 2568 2557 ³0

262 2575 376 2643 sed
397 2577 462 2629 in
483 2576 799 2645 plerisque
820 2576 1144 2644 scibilibus
1171 2576 1281 2645 ipsi
1305 2577 1559 2631 veritati
1581 2577 2001 2645 propinquum
2032 2574 2472 2645 degustandum

269 2648 640 2702 mortalibus
661 2648 944 2702 concedi:
971 2647 1138 2716 quasi
1162 2648 1410 2712 diceret,
1431 2648 1592 2716 satis
1613 2647 1725 2714 esse
1743 2648 1809 2701 in
1830 2663 1906 2702 eo
1919 2649 2126 2716 gradu
2145 2645 2471 2714 subsistere,

272 2719 377 2786 qui
404 2719 734 2774 veritatem
755 2720 1014 2787 penitus
1039 2735 1167 2774 non
1194 2723 1454 2774 evertat.
1487 2722 1645 2774 Haec
1669 2735 1789 2788 pro
1816 2717 2164 2786 defensione
2189 2717 2472 2774 REGIO·

270 2790 672 2854 MONTANI,
702 2793 982 2859 adeoque
1009 2791 1313 2854 veritatiS,
1347 2791 1554 2846 dicere
1584 2790 1767 2845 volui.
1798 2793 2018 2858 Neque
2045 2793 2255 2844 tamen
2282 2805 2359 2844 eo
2382 2789 2472 2842 in·

270 2861 465 2926 ficias,
490 2862 637 2930 quin
651 2863 877 2916 melior
888 2862 1099 2930 aliqua
1111 2863 1274 2916 ratio
1292 2864 1396 2916 vel
1408 2864 1524 2916 abs
1538 2866 1613 2926 te,
1633 2864 1738 2916 vel
1750 2863 1827 2915 ab
1842 2862 1986 2930 aliJ's
1999 2860 2278 2915 inveniri
2282 2859 2470 2929 possit.
2521 2877 2568 2913 ³⁵

269 2935 519 2987 Interea
532 2934 966 2988 certitudinem
979 2932 1564 3000 demonstrationum
1573 2933 1782 2989 REGI
1780 2933 1910 2988 OM
1908 2933 2025 2988 ΟΝ
2028 2933 2226 2985 ΤΑΝΙ
2225 2931 2472 2986 firmam

270 3004 630 3071 mansuram
642 3004 769 3070 esse,
779 3005 974 3059 libere
978 3005 1345 3073 pronuncio,
1357 3020 1543 3073 quam
1554 3020 1758 3073 neque
1769 3004 2178 3066 CRAIGIUs,
2189 3018 2308 3057 nec
2320 3002 2472 3071 quis·

266 3075 440 3141 piam
461 3076 626 3129 alius
648 3076 837 3130 ullius
857 3076 1255 3144 absurditatis
1282 3077 1662 3130 convincere
1682 3075 1929 3143 poterit.
1962 3074 2308 3129 Subolfecit
2317 3073 2474 3141 sane

272 3146 1008 3202 REGIOMONTANUS
1024 3147 1312 3215 quiddam
1328 3148 1499 3201 aliud
1510 3149 1587 3202 de
1605 3147 1892 3210 Cometis,
1917 3161 2103 3214 quam
2125 3147 2288 3214 quod
2294 3144 2471 3213 scho-

272 3218 355 3269 1ae
366 3232 447 3270 ex
456 3218 610 3269 ARI
608 3219 659 3270 S
666 3218 763 3272 TO
774 3220 984 3271 TELE
987 3219 1238 3286 publice
1251 3221 1561 3273 docerent.
1579 3219 1710 3272 Sed
1712 3221 1976 3286 propter
1984 3217 2123 3272 eius
2134 3216 2471 3271 authorita-
2520 3233 2567 3268 40

275 3290 400 3340 tem
420 3303 545 3341 non
567 3287 682 3355 aus
680 3305 756 3342 us
771 3288 902 3355 esta
914 3293 1169 3357 recepta
1182 3289 1496 3357 sententia
1518 3289 1855 3357 discedere:
1875 3287 2036 3357 quisi
2044 3303 2213 3342 nunc
2228 3288 2477 3343 viveret

278 3357 627 3426 vidissetque
653 3362 897 3413 Novam
927 3361 1206 3424 Stellam,
1228 3360 1357 3427 sine
1383 3361 1565 3415 dubio
1591 3359 1927 3426 erubuisset,
1957 3363 2020 3414 et
2044 3359 2473 3484 agcurattiores

2123 3445 2263 3484 ome
2290 3445 2470 3483 arum
