<?xml version="1.0" encoding="UTF-8"?>
<!DOCTYPE html PUBLIC "-//W3C//DTD XHTML 1.0 Transitional//EN"
    "http://www.w3.org/TR/xhtml1/DTD/xhtml1-transitional.dtd">
<html xmlns="http://www.w3.org/1999/xhtml" xml:lang="en" lang="en">
 <head>
  <title>
</title>
<meta http-equiv="Content-Type" content="text/html;charset=utf-8" />
  <meta name='ocr-system' content='tesseract 3.04.00' />
  <meta name='ocr-capabilities' content='ocr_page ocr_carea ocr_par ocr_line ocrx_word'/>
</head>
<body>
  <div class='ocr_page' id='page_1' title='image "./operaomniaedidit07brahuoft_0250.png"; bbox 0 0 2644 4030; ppageno 0'>
   <div class='ocr_carea' id='block_1_1' title="bbox 248 292 1916 347">
    <p class='ocr_par' dir='ltr' id='par_1_1' title="bbox 248 292 1916 347">
     <span class='ocr_line' id='line_1_1' title="bbox 248 292 1916 347; baseline -0.001 0"><span class='ocrx_word' id='word_1_1' title='bbox 248 296 353 347; x_wconf 81' lang='lat'>236</span> <span class='ocrx_word' id='word_1_2' title='bbox 782 292 1220 346; x_wconf 90' lang='lat' dir='ltr'>EPISTOLAE</span> <span class='ocrx_word' id='word_1_3' title='bbox 1247 292 1916 346; x_wconf 89' lang='lat' dir='ltr'>ASTRONOMICAE</span> 
     </span>
    </p>
   </div>
   <div class='ocr_carea' id='block_1_2' title="bbox 246 433 2455 3495">
    <p class='ocr_par' dir='ltr' id='par_1_2' title="bbox 246 433 2455 3424">
     <span class='ocr_line' id='line_1_2' title="bbox 248 433 2448 502; baseline 0 -14"><span class='ocrx_word' id='word_1_4' title='bbox 248 440 465 488; x_wconf 90' lang='lat' dir='ltr'>rimum</span> <span class='ocrx_word' id='word_1_5' title='bbox 480 434 728 496; x_wconf 86' lang='lat' dir='ltr'>differre,</span> <span class='ocrx_word' id='word_1_6' title='bbox 750 451 874 486; x_wconf 92' lang='lat' dir='ltr'>non</span> <span class='ocrx_word' id='word_1_7' title='bbox 887 438 1073 500; x_wconf 91' lang='lat' dir='ltr'>magis</span> <span class='ocrx_word' id='word_1_8' title='bbox 1087 437 1304 486; x_wconf 90' lang='lat' dir='ltr'>mirum</span> <span class='ocrx_word' id='word_1_9' title='bbox 1320 435 1422 486; x_wconf 85' lang='lat' dir='ltr'>esse</span> <span class='ocrx_word' id='word_1_10' title='bbox 1438 433 1623 496; x_wconf 90' lang='lat' dir='ltr'>debet,</span> <span class='ocrx_word' id='word_1_11' title='bbox 1645 450 1827 499; x_wconf 91' lang='lat' dir='ltr'>quam</span> <span class='ocrx_word' id='word_1_12' title='bbox 1842 451 2058 488; x_wconf 90' lang='lat' dir='ltr'>aurum</span> <span class='ocrx_word' id='word_1_13' title='bbox 2071 441 2127 488; x_wconf 91' lang='lat' dir='ltr'>et</span> <span class='ocrx_word' id='word_1_14' title='bbox 2140 443 2448 502; x_wconf 88' lang='lat' dir='ltr'>argentum</span> 
     </span>
     <span class='ocr_line' id='line_1_3' title="bbox 249 505 2448 570; baseline 0 -11"><span class='ocrx_word' id='word_1_15' title='bbox 249 514 577 570; x_wconf 86' lang='lat' dir='ltr'>caeteraque</span> <span class='ocrx_word' id='word_1_16' title='bbox 605 506 855 558; x_wconf 89' lang='lat' dir='ltr'>Metalla</span> <span class='ocrx_word' id='word_1_17' title='bbox 881 521 912 558; x_wconf 92' lang='lat' dir='ltr'>e</span> <span class='ocrx_word' id='word_1_18' title='bbox 938 508 1090 557; x_wconf 93' lang='lat' dir='ltr'>mari</span> <span class='ocrx_word' id='word_1_19' title='bbox 1121 506 1227 569; x_wconf 90' lang='lat' dir='ltr'>(uti</span> <span class='ocrx_word' id='word_1_20' title='bbox 1255 505 1396 569; x_wconf 88' lang='lat' dir='ltr'>dixi)</span> <span class='ocrx_word' id='word_1_21' title='bbox 1428 508 1715 570; x_wconf 87' lang='lat' dir='ltr'>originem</span> <span class='ocrx_word' id='word_1_22' title='bbox 1740 506 2035 559; x_wconf 86' lang='lat' dir='ltr'>trahentia</span> <span class='ocrx_word' id='word_1_23' title='bbox 2058 506 2448 560; x_wconf 88' lang='lat' dir='ltr'>nihilominus</span> 
     </span>
     <span class='ocr_line' id='line_1_4' title="bbox 247 577 2449 642; baseline 0 -12"><span class='ocrx_word' id='word_1_24' title='bbox 247 579 349 630; x_wconf 91' lang='lat' dir='ltr'>sua</span> <span class='ocrx_word' id='word_1_25' title='bbox 368 578 575 637; x_wconf 86' lang='lat' dir='ltr'>forma,</span> <span class='ocrx_word' id='word_1_26' title='bbox 598 577 746 628; x_wconf 92' lang='lat' dir='ltr'>dura</span> <span class='ocrx_word' id='word_1_27' title='bbox 767 580 1113 642; x_wconf 87' lang='lat' dir='ltr'>compagine</span> <span class='ocrx_word' id='word_1_28' title='bbox 1131 577 1466 641; x_wconf 87' lang='lat' dir='ltr'>caeterisque</span> <span class='ocrx_word' id='word_1_29' title='bbox 1481 580 1870 642; x_wconf 88' lang='lat' dir='ltr'>appropriatis</span> <span class='ocrx_word' id='word_1_30' title='bbox 1883 577 2231 631; x_wconf 89' lang='lat' dir='ltr'>multimode</span> <span class='ocrx_word' id='word_1_31' title='bbox 2246 579 2320 631; x_wconf 93' lang='lat' dir='ltr'>ab</span> <span class='ocrx_word' id='word_1_32' title='bbox 2334 578 2449 631; x_wconf 90' lang='lat' dir='ltr'>hoc</span> 
     </span>
     <span class='ocr_line' id='line_1_5' title="bbox 249 647 2449 714; baseline 0.001 -15"><span class='ocrx_word' id='word_1_33' title='bbox 249 649 587 712; x_wconf 85' lang='lat' dir='ltr'>discrepare,</span> <span class='ocrx_word' id='word_1_34' title='bbox 615 654 679 699; x_wconf 94' lang='lat' dir='ltr'>ut</span> <span class='ocrx_word' id='word_1_35' title='bbox 702 648 773 700; x_wconf 91' lang='lat' dir='ltr'>de</span> <span class='ocrx_word' id='word_1_36' title='bbox 797 648 945 713; x_wconf 83' lang='lat' dir='ltr'>alijS,</span> <span class='ocrx_word' id='word_1_37' title='bbox 973 664 1109 712; x_wconf 85' lang='lat' dir='ltr'>quae</span> <span class='ocrx_word' id='word_1_38' title='bbox 1129 651 1193 699; x_wconf 93' lang='lat' dir='ltr'>in</span> <span class='ocrx_word' id='word_1_39' title='bbox 1211 647 1396 700; x_wconf 91' lang='lat' dir='ltr'>Terra</span> <span class='ocrx_word' id='word_1_40' title='bbox 1415 653 1591 712; x_wconf 87' lang='lat' dir='ltr'>atque</span> <span class='ocrx_word' id='word_1_41' title='bbox 1611 649 1768 701; x_wconf 67' lang='lat' dir='ltr'>Aere</span> <span class='ocrx_word' id='word_1_42' title='bbox 1790 664 1822 701; x_wconf 90' lang='lat' dir='ltr'>e</span> <span class='ocrx_word' id='word_1_43' title='bbox 1841 648 2116 701; x_wconf 82' lang='lat' dir='ltr'>Terrestri</span> <span class='ocrx_word' id='word_1_44' title='bbox 2134 651 2449 714; x_wconf 71' lang='lat' dir='ltr'>Aereaque</span> 
     </span>
     <span class='ocr_line' id='line_1_6' title="bbox 247 718 2448 783; baseline 0.001 -12"><span class='ocrx_word' id='word_1_45' title='bbox 247 720 555 771; x_wconf 84' lang='lat' dir='ltr'>substantia</span> <span class='ocrx_word' id='word_1_46' title='bbox 572 719 864 783; x_wconf 90' lang='lat' dir='ltr'>prioribus</span> <span class='ocrx_word' id='word_1_47' title='bbox 880 719 1250 770; x_wconf 87' lang='lat' dir='ltr'>dissimillima</span> <span class='ocrx_word' id='word_1_48' title='bbox 1263 718 1725 780; x_wconf 88' lang='lat' dir='ltr'>conformantur,</span> <span class='ocrx_word' id='word_1_49' title='bbox 1746 719 1898 772; x_wconf 91' lang='lat' dir='ltr'>nihil</span> <span class='ocrx_word' id='word_1_50' title='bbox 1911 720 2144 773; x_wconf 91' lang='lat' dir='ltr'>addam.</span> <span class='ocrx_word' id='word_1_51' title='bbox 2166 720 2331 773; x_wconf 92' lang='lat' dir='ltr'>Dum</span> <span class='ocrx_word' id='word_1_52' title='bbox 2344 723 2448 774; x_wconf 88' lang='lat' dir='ltr'>ita-</span> 
     </span>
     <span class='ocr_line' id='line_1_7' title="bbox 249 789 2448 856; baseline 0.001 -15"><span class='ocrx_word' id='word_1_53' title='bbox 249 807 362 855; x_wconf 90' lang='lat' dir='ltr'>que</span> <span class='ocrx_word' id='word_1_54' title='bbox 380 790 700 842; x_wconf 87' lang='lat' dir='ltr'>Galaxiam</span> <span class='ocrx_word' id='word_1_55' title='bbox 715 806 787 841; x_wconf 89' lang='lat' dir='ltr'>ex</span> <span class='ocrx_word' id='word_1_56' title='bbox 803 790 960 842; x_wconf 89' lang='lat' dir='ltr'>Coeli</span> <span class='ocrx_word' id='word_1_57' title='bbox 978 790 1288 842; x_wconf 90' lang='lat' dir='ltr'>substantia</span> <span class='ocrx_word' id='word_1_58' title='bbox 1303 789 1669 855; x_wconf 68' lang='lat' dir='ltr'>compactiva</span> <span class='ocrx_word' id='word_1_59' title='bbox 1688 797 1863 855; x_wconf 89' lang='lat' dir='ltr'>atque</span> <span class='ocrx_word' id='word_1_60' title='bbox 1885 798 2293 856; x_wconf 88' lang='lat' dir='ltr'>coagmentata</span> <span class='ocrx_word' id='word_1_61' title='bbox 2313 808 2448 845; x_wconf 92' lang='lat' dir='ltr'>con-</span> 
     </span>
     <span class='ocr_line' id='line_1_8' title="bbox 247 861 2450 926; baseline 0 -12"><span class='ocrx_word' id='word_1_62' title='bbox 247 863 390 914; x_wconf 87' lang='lat' dir='ltr'>stare</span> <span class='ocrx_word' id='word_1_63' title='bbox 401 861 556 921; x_wconf 88' lang='lat' dir='ltr'>volo,</span> <span class='ocrx_word' id='word_1_64' title='bbox 573 877 696 913; x_wconf 91' lang='lat' dir='ltr'>non</span> <span class='ocrx_word' id='word_1_65' title='bbox 708 861 869 913; x_wconf 93' lang='lat' dir='ltr'>aliud</span> <span class='ocrx_word' id='word_1_66' title='bbox 882 862 1028 922; x_wconf 93' lang='lat' dir='ltr'>dic0,</span> <span class='ocrx_word' id='word_1_67' title='bbox 1045 877 1227 926; x_wconf 92' lang='lat' dir='ltr'>quam</span> <span class='ocrx_word' id='word_1_68' title='bbox 1239 877 1372 913; x_wconf 92' lang='lat' dir='ltr'>eam</span> <span class='ocrx_word' id='word_1_69' title='bbox 1385 877 1518 913; x_wconf 90' lang='lat' dir='ltr'>cum</span> <span class='ocrx_word' id='word_1_70' title='bbox 1531 861 1772 926; x_wconf 91' lang='lat' dir='ltr'>reliquis</span> <span class='ocrx_word' id='word_1_71' title='bbox 1782 862 1953 915; x_wconf 86' lang='lat' dir='ltr'>stellis</span> <span class='ocrx_word' id='word_1_72' title='bbox 1965 863 2218 915; x_wconf 90' lang='lat' dir='ltr'>eandem</span> <span class='ocrx_word' id='word_1_73' title='bbox 2231 863 2450 917; x_wconf 87' lang='lat' dir='ltr'>habere</span> 
     </span>
     <span class='ocr_line' id='line_1_9' title="bbox 247 932 2451 998; baseline 0.001 -14"><span class='ocrx_word' id='word_1_74' title='bbox 247 936 573 993; x_wconf 90' lang='lat' dir='ltr'>materiam,</span> <span class='ocrx_word' id='word_1_75' title='bbox 596 948 731 996; x_wconf 87' lang='lat' dir='ltr'>quae</span> <span class='ocrx_word' id='word_1_76' title='bbox 751 941 952 985; x_wconf 91' lang='lat' dir='ltr'>tamen</span> <span class='ocrx_word' id='word_1_77' title='bbox 971 932 1069 985; x_wconf 88' lang='grc'><strong>1116</strong></span> <span class='ocrx_word' id='word_1_78' title='bbox 1088 932 1281 997; x_wconf 90' lang='lat' dir='ltr'>sparsa</span> <span class='ocrx_word' id='word_1_79' title='bbox 1301 939 1478 997; x_wconf 90' lang='lat' dir='ltr'>atque</span> <span class='ocrx_word' id='word_1_80' title='bbox 1497 936 1560 984; x_wconf 93' lang='lat' dir='ltr'>in</span> <span class='ocrx_word' id='word_1_81' title='bbox 1579 933 1768 985; x_wconf 92' lang='lat' dir='ltr'>latum</span> <span class='ocrx_word' id='word_1_82' title='bbox 1783 940 1941 986; x_wconf 91' lang='lat' dir='ltr'>certo</span> <span class='ocrx_word' id='word_1_83' title='bbox 1956 933 2132 987; x_wconf 68' lang='lat' dir='ltr'>ductu</span> <span class='ocrx_word' id='word_1_84' title='bbox 2145 949 2249 998; x_wconf 91' lang='lat' dir='ltr'>per</span> <span class='ocrx_word' id='word_1_85' title='bbox 2261 942 2451 987; x_wconf 91' lang='lat' dir='ltr'>totum</span> 
     </span>
     <span class='ocr_line' id='line_1_10' title="bbox 250 1003 2449 1064; baseline 0 -7"><span class='ocrx_word' id='word_1_86' title='bbox 250 1004 489 1057; x_wconf 89' lang='lat' dir='ltr'>Coelum</span> <span class='ocrx_word' id='word_1_87' title='bbox 509 1003 717 1055; x_wconf 87' lang='lat' dir='ltr'>diffusa</span> <span class='ocrx_word' id='word_1_88' title='bbox 738 1011 1026 1064; x_wconf 90' lang='lat' dir='ltr'>cernatur,</span> <span class='ocrx_word' id='word_1_89' title='bbox 1054 1007 1116 1056; x_wconf 94' lang='lat' dir='ltr'>in</span> <span class='ocrx_word' id='word_1_90' title='bbox 1142 1004 1257 1056; x_wconf 93' lang='lat' dir='ltr'>illis</span> <span class='ocrx_word' id='word_1_91' title='bbox 1280 1010 1481 1056; x_wconf 91' lang='lat' dir='ltr'>autem</span> <span class='ocrx_word' id='word_1_92' title='bbox 1500 1004 1576 1056; x_wconf 96' lang='lat' dir='ltr'>ad</span> <span class='ocrx_word' id='word_1_93' title='bbox 1595 1004 1851 1056; x_wconf 84' lang='lat' dir='ltr'>formam</span> <span class='ocrx_word' id='word_1_94' title='bbox 1871 1008 2050 1057; x_wconf 92' lang='lat' dir='ltr'>unius</span> <span class='ocrx_word' id='word_1_95' title='bbox 2069 1006 2308 1058; x_wconf 91' lang='lat' dir='ltr'>rotundi</span> <span class='ocrx_word' id='word_1_96' title='bbox 2327 1021 2449 1059; x_wconf 91' lang='lat' dir='ltr'>cor-</span> 
     </span>
     <span class='ocr_line' id='line_1_11' title="bbox 246 1074 2452 1140; baseline 0.001 -14"><span class='ocrx_word' id='word_1_97' title='bbox 246 1078 406 1140; x_wconf 93' lang='lat' dir='ltr'>poris</span> <span class='ocrx_word' id='word_1_98' title='bbox 426 1074 639 1127; x_wconf 65' lang='lat' dir='ltr'>ard’tius</span> <span class='ocrx_word' id='word_1_99' title='bbox 661 1074 964 1140; x_wconf 68' lang='lat' dir='ltr'>compacta</span> <span class='ocrx_word' id='word_1_100' title='bbox 983 1075 1061 1128; x_wconf 88' lang='lat' dir='ltr'>fit.</span> <span class='ocrx_word' id='word_1_101' title='bbox 1083 1076 1280 1140; x_wconf 87' lang='lat' dir='ltr'>Atque</span> <span class='ocrx_word' id='word_1_102' title='bbox 1300 1075 1457 1127; x_wconf 91' lang='lat' dir='ltr'>hanc</span> <span class='ocrx_word' id='word_1_103' title='bbox 1478 1077 1582 1127; x_wconf 90' lang='lat' dir='ltr'>esse</span> <span class='ocrx_word' id='word_1_104' title='bbox 1602 1092 1640 1128; x_wconf 94' lang='lat' dir='ltr'>a</span> <span class='ocrx_word' id='word_1_105' title='bbox 1658 1091 1800 1128; x_wconf 90' lang='lat' dir='ltr'>vero</span> <span class='ocrx_word' id='word_1_106' title='bbox 1820 1092 1944 1128; x_wconf 94' lang='lat' dir='ltr'>non</span> <span class='ocrx_word' id='word_1_107' title='bbox 1964 1076 2239 1136; x_wconf 90' lang='lat' dir='ltr'>alienam,</span> <span class='ocrx_word' id='word_1_108' title='bbox 2261 1077 2333 1129; x_wconf 94' lang='lat' dir='ltr'>de</span> <span class='ocrx_word' id='word_1_109' title='bbox 2352 1080 2452 1130; x_wconf 87' lang='lat' dir='ltr'>via</span> 
     </span>
     <span class='ocr_line' id='line_1_12' title="bbox 247 1145 2451 1212; baseline 0.001 -14"><span class='ocrx_word' id='word_1_110' title='bbox 247 1145 448 1205; x_wconf 71' lang='grc'><strong>136163,</strong></span> <span class='ocrx_word' id='word_1_111' title='bbox 475 1146 837 1206; x_wconf 84' lang='lat' dir='ltr'>sententiam,</span> <span class='ocrx_word' id='word_1_112' title='bbox 865 1147 982 1211; x_wconf 87' lang='lat' dir='ltr'>ipse</span> <span class='ocrx_word' id='word_1_113' title='bbox 1009 1149 1255 1198; x_wconf 89' lang='lat' dir='ltr'>intuitus</span> <span class='ocrx_word' id='word_1_114' title='bbox 1281 1147 1553 1208; x_wconf 81' lang='lat' dir='ltr'>oculariS,</span> <span class='ocrx_word' id='word_1_115' title='bbox 1581 1154 1802 1200; x_wconf 89' lang='lat' dir='ltr'>attenta</span> <span class='ocrx_word' id='word_1_116' title='bbox 1824 1145 2180 1212; x_wconf 62' lang='lat' dir='ltr'>inspectione</span> <span class='ocrx_word' id='word_1_117' title='bbox 2201 1155 2255 1200; x_wconf 90' lang='lat' dir='ltr'>et</span> <span class='ocrx_word' id='word_1_118' title='bbox 2276 1148 2451 1201; x_wconf 91' lang='lat' dir='ltr'>colla-</span> 
     </span>
     <span class='ocr_line' id='line_1_13' title="bbox 247 1218 2450 1284; baseline 0.001 -15"><span class='ocrx_word' id='word_1_119' title='bbox 247 1222 406 1270; x_wconf 89' lang='lat' dir='ltr'>tione</span> <span class='ocrx_word' id='word_1_120' title='bbox 416 1234 550 1269; x_wconf 92' lang='lat' dir='ltr'>cum</span> <span class='ocrx_word' id='word_1_121' title='bbox 559 1218 800 1282; x_wconf 89' lang='lat' dir='ltr'>reliquis</span> <span class='ocrx_word' id='word_1_122' title='bbox 810 1218 1000 1270; x_wconf 91' lang='lat' dir='ltr'>Stellis</span> <span class='ocrx_word' id='word_1_123' title='bbox 1011 1218 1330 1282; x_wconf 88' lang='lat' dir='ltr'>praesertim</span> <span class='ocrx_word' id='word_1_124' title='bbox 1339 1221 1608 1270; x_wconf 89' lang='lat' dir='ltr'>tenuiore</span> <span class='ocrx_word' id='word_1_125' title='bbox 1619 1218 1845 1270; x_wconf 90' lang='lat' dir='ltr'>lumine</span> <span class='ocrx_word' id='word_1_126' title='bbox 1856 1220 2276 1284; x_wconf 90' lang='lat' dir='ltr'>apparentibus</span> <span class='ocrx_word' id='word_1_127' title='bbox 2282 1218 2450 1281; x_wconf 67' lang='lat' dir='ltr'>facta,</span> 
     </span>
     <span class='ocr_line' id='line_1_14' title="bbox 247 1289 2450 1355; baseline 0.002 -14"><span class='ocrx_word' id='word_1_128' title='bbox 247 1289 410 1341; x_wconf 91' lang='lat' dir='ltr'>haud</span> <span class='ocrx_word' id='word_1_129' title='bbox 431 1289 669 1341; x_wconf 89' lang='lat' dir='ltr'>obscure</span> <span class='ocrx_word' id='word_1_130' title='bbox 690 1290 938 1341; x_wconf 88' lang='lat' dir='ltr'>testatur.</span> <span class='ocrx_word' id='word_1_131' title='bbox 960 1289 1087 1341; x_wconf 95' lang='lat' dir='ltr'>Imo</span> <span class='ocrx_word' id='word_1_132' title='bbox 1110 1289 1351 1342; x_wconf 91' lang='lat' dir='ltr'>Stellam</span> <span class='ocrx_word' id='word_1_133' title='bbox 1371 1289 1535 1341; x_wconf 92' lang='lat' dir='ltr'>illam</span> <span class='ocrx_word' id='word_1_134' title='bbox 1557 1290 1798 1342; x_wconf 89' lang='lat' dir='ltr'>Novam</span> <span class='ocrx_word' id='word_1_135' title='bbox 1819 1297 1874 1342; x_wconf 93' lang='lat' dir='ltr'>et</span> <span class='ocrx_word' id='word_1_136' title='bbox 1893 1290 2066 1355; x_wconf 91' lang='lat' dir='ltr'>supra</span> <span class='ocrx_word' id='word_1_137' title='bbox 2084 1290 2332 1343; x_wconf 91' lang='lat' dir='ltr'>modum</span> <span class='ocrx_word' id='word_1_138' title='bbox 2352 1291 2450 1345; x_wconf 92' lang='lat' dir='ltr'>ad-</span> 
     </span>
     <span class='ocr_line' id='line_1_15' title="bbox 247 1360 2451 1427; baseline 0.001 -15"><span class='ocrx_word' id='word_1_139' title='bbox 247 1362 598 1421; x_wconf 87' lang='lat' dir='ltr'>mirandam,</span> <span class='ocrx_word' id='word_1_140' title='bbox 627 1376 762 1424; x_wconf 87' lang='lat' dir='ltr'>quae</span> <span class='ocrx_word' id='word_1_141' title='bbox 784 1363 936 1412; x_wconf 91' lang='lat' dir='ltr'>circa</span> <span class='ocrx_word' id='word_1_142' title='bbox 956 1360 1136 1413; x_wconf 89' lang='lat' dir='ltr'>finem</span> <span class='ocrx_word' id='word_1_143' title='bbox 1158 1363 1303 1413; x_wconf 92' lang='lat' dir='ltr'>anni</span> <span class='ocrx_word' id='word_1_144' title='bbox 1323 1361 1470 1421; x_wconf 86' lang='lat'>1572,</span> <span class='ocrx_word' id='word_1_145' title='bbox 1496 1364 1662 1414; x_wconf 85' lang='lat' dir='ltr'>iuxta</span> <span class='ocrx_word' id='word_1_146' title='bbox 1681 1361 1877 1422; x_wconf 92' lang='lat' dir='ltr'>huius,</span> <span class='ocrx_word' id='word_1_147' title='bbox 1901 1362 1974 1414; x_wconf 91' lang='lat' dir='ltr'>de</span> <span class='ocrx_word' id='word_1_148' title='bbox 1995 1378 2114 1426; x_wconf 93' lang='lat' dir='ltr'>qua</span> <span class='ocrx_word' id='word_1_149' title='bbox 2133 1362 2451 1427; x_wconf 90' lang='lat' dir='ltr'>loquimur,</span> 
     </span>
     <span class='ocr_line' id='line_1_16' title="bbox 250 1432 2450 1497; baseline 0 -12"><span class='ocrx_word' id='word_1_150' title='bbox 250 1432 525 1485; x_wconf 85' lang='lat' dir='ltr'>Galaxiae</span> <span class='ocrx_word' id='word_1_151' title='bbox 541 1432 817 1492; x_wconf 91' lang='lat' dir='ltr'>confinia,</span> <span class='ocrx_word' id='word_1_152' title='bbox 839 1432 941 1484; x_wconf 92' lang='lat' dir='ltr'>ubi</span> <span class='ocrx_word' id='word_1_153' title='bbox 957 1435 1135 1484; x_wconf 91' lang='lat' dir='ltr'>etiam</span> <span class='ocrx_word' id='word_1_154' title='bbox 1150 1433 1470 1497; x_wconf 85' lang='lat' dir='ltr'>Cassiopeae</span> <span class='ocrx_word' id='word_1_155' title='bbox 1484 1432 1719 1485; x_wconf 88' lang='lat' dir='ltr'>Astrum</span> <span class='ocrx_word' id='word_1_156' title='bbox 1738 1433 1952 1494; x_wconf 89' lang='lat' dir='ltr'>vifitur,</span> <span class='ocrx_word' id='word_1_157' title='bbox 1975 1440 2180 1486; x_wconf 87' lang='lat' dir='ltr'>exorta</span> <span class='ocrx_word' id='word_1_158' title='bbox 2200 1433 2290 1494; x_wconf 85' lang='lat' dir='ltr'>est,</span> <span class='ocrx_word' id='word_1_159' title='bbox 2313 1449 2450 1486; x_wconf 90' lang='lat' dir='ltr'>ean-</span> 
     </span>
     <span class='ocr_line' id='line_1_17' title="bbox 249 1503 2451 1570; baseline 0.001 -16"><span class='ocrx_word' id='word_1_160' title='bbox 249 1504 385 1555; x_wconf 91' lang='lat' dir='ltr'>dem</span> <span class='ocrx_word' id='word_1_161' title='bbox 405 1518 541 1554; x_wconf 91' lang='lat' dir='ltr'>cum</span> <span class='ocrx_word' id='word_1_162' title='bbox 560 1506 658 1555; x_wconf 92' lang='lat' dir='ltr'>via</span> <span class='ocrx_word' id='word_1_163' title='bbox 678 1503 865 1556; x_wconf 73' lang='grc'><strong>136163</strong></span> <span class='ocrx_word' id='word_1_164' title='bbox 884 1503 1138 1556; x_wconf 90' lang='lat' dir='ltr'>habuisse</span> <span class='ocrx_word' id='word_1_165' title='bbox 1158 1507 1485 1564; x_wconf 90' lang='lat' dir='ltr'>materiam,</span> <span class='ocrx_word' id='word_1_166' title='bbox 1506 1504 1602 1556; x_wconf 90' lang='lat' dir='ltr'>sed</span> <span class='ocrx_word' id='word_1_167' title='bbox 1621 1511 1823 1556; x_wconf 88' lang='lat' dir='ltr'>tamen</span> <span class='ocrx_word' id='word_1_168' title='bbox 1842 1507 2029 1569; x_wconf 92' lang='lat' dir='ltr'>magis</span> <span class='ocrx_word' id='word_1_169' title='bbox 2045 1507 2108 1557; x_wconf 91' lang='lat' dir='ltr'>in</span> <span class='ocrx_word' id='word_1_170' title='bbox 2124 1520 2316 1557; x_wconf 92' lang='lat' dir='ltr'>unum</span> <span class='ocrx_word' id='word_1_171' title='bbox 2331 1505 2451 1570; x_wconf 93' lang='lat' dir='ltr'>glo-</span> 
     </span>
     <span class='ocr_line' id='line_1_18' title="bbox 247 1573 2450 1640; baseline 0.001 -14"><span class='ocrx_word' id='word_1_172' title='bbox 247 1575 391 1626; x_wconf 94' lang='lat' dir='ltr'>bum</span> <span class='ocrx_word' id='word_1_173' title='bbox 409 1573 778 1639; x_wconf 71' lang='lat' dir='ltr'>compaCtum</span> <span class='ocrx_word' id='word_1_174' title='bbox 793 1575 992 1627; x_wconf 89' lang='lat' dir='ltr'>sentio.</span> <span class='ocrx_word' id='word_1_175' title='bbox 1014 1577 1211 1640; x_wconf 87' lang='lat' dir='ltr'>Atque</span> <span class='ocrx_word' id='word_1_176' title='bbox 1231 1582 1295 1627; x_wconf 92' lang='lat' dir='ltr'>ut</span> <span class='ocrx_word' id='word_1_177' title='bbox 1314 1575 1373 1626; x_wconf 90' lang='lat' dir='ltr'>id</span> <span class='ocrx_word' id='word_1_178' title='bbox 1394 1578 1605 1627; x_wconf 89' lang='lat' dir='ltr'>certius</span> <span class='ocrx_word' id='word_1_179' title='bbox 1625 1575 1888 1636; x_wconf 87' lang='lat' dir='ltr'>statuam,</span> <span class='ocrx_word' id='word_1_180' title='bbox 1909 1576 2108 1628; x_wconf 92' lang='lat' dir='ltr'>hiatus</span> <span class='ocrx_word' id='word_1_181' title='bbox 2126 1575 2450 1628; x_wconf 89' lang='lat' dir='ltr'>semicircu-</span> 
     </span>
     <span class='ocr_line' id='line_1_19' title="bbox 248 1646 2452 1712; baseline 0.001 -15"><span class='ocrx_word' id='word_1_182' title='bbox 248 1646 387 1698; x_wconf 92' lang='lat' dir='ltr'>laris</span> <span class='ocrx_word' id='word_1_183' title='bbox 417 1646 492 1698; x_wconf 95' lang='lat' dir='ltr'>ad</span> <span class='ocrx_word' id='word_1_184' title='bbox 521 1647 990 1710; x_wconf 89' lang='lat' dir='ltr'>magnitudinem</span> <span class='ocrx_word' id='word_1_185' title='bbox 1020 1646 1182 1710; x_wconf 92' lang='lat' dir='ltr'>quafi</span> <span class='ocrx_word' id='word_1_186' title='bbox 1212 1647 1399 1699; x_wconf 86' lang='lat' dir='ltr'>Lunae</span> <span class='ocrx_word' id='word_1_187' title='bbox 1430 1647 1690 1699; x_wconf 85' lang='lat' dir='ltr'>dimidiae</span> <span class='ocrx_word' id='word_1_188' title='bbox 1719 1650 1782 1699; x_wconf 94' lang='lat' dir='ltr'>in</span> <span class='ocrx_word' id='word_1_189' title='bbox 1810 1649 2075 1712; x_wconf 91' lang='lat' dir='ltr'>margine</span> <span class='ocrx_word' id='word_1_190' title='bbox 2104 1650 2219 1700; x_wconf 86' lang='lat' dir='ltr'>viae</span> <span class='ocrx_word' id='word_1_191' title='bbox 2248 1647 2452 1701; x_wconf 71' lang='grc'><strong>136168</strong></span> 
     </span>
     <span class='ocr_line' id='line_1_20' title="bbox 250 1717 2451 1781; baseline 0.001 -13"><span class='ocrx_word' id='word_1_192' title='bbox 250 1718 460 1769; x_wconf 91' lang='lat' dir='ltr'>eodem</span> <span class='ocrx_word' id='word_1_193' title='bbox 480 1717 712 1781; x_wconf 93' lang='lat' dir='ltr'>prorsus</span> <span class='ocrx_word' id='word_1_194' title='bbox 732 1720 795 1769; x_wconf 92' lang='lat' dir='ltr'>in</span> <span class='ocrx_word' id='word_1_195' title='bbox 814 1717 964 1779; x_wconf 91' lang='lat' dir='ltr'>loc0,</span> <span class='ocrx_word' id='word_1_196' title='bbox 986 1718 1086 1770; x_wconf 92' lang='lat' dir='ltr'>ubi</span> <span class='ocrx_word' id='word_1_197' title='bbox 1104 1718 1283 1770; x_wconf 88' lang='lat' dir='ltr'>Stella</span> <span class='ocrx_word' id='word_1_198' title='bbox 1298 1718 1476 1770; x_wconf 90' lang='lat' dir='ltr'>Nova</span> <span class='ocrx_word' id='word_1_199' title='bbox 1495 1718 1664 1770; x_wconf 90' lang='lat' dir='ltr'>fitum</span> <span class='ocrx_word' id='word_1_200' title='bbox 1683 1718 1906 1779; x_wconf 90' lang='lat' dir='ltr'>habuit,</span> <span class='ocrx_word' id='word_1_201' title='bbox 1927 1718 2122 1771; x_wconf 92' lang='lat' dir='ltr'>adhuc</span> <span class='ocrx_word' id='word_1_202' title='bbox 2138 1718 2312 1772; x_wconf 89' lang='lat' dir='ltr'>Coelo</span> <span class='ocrx_word' id='word_1_203' title='bbox 2334 1721 2451 1771; x_wconf 88' lang='lat' dir='ltr'>exi-</span> 
     </span>
     <span class='ocr_line' id='line_1_21' title="bbox 248 1789 2451 1855; baseline 0.001 -16"><span class='ocrx_word' id='word_1_204' title='bbox 248 1789 424 1840; x_wconf 84' lang='lat' dir='ltr'>stente</span> <span class='ocrx_word' id='word_1_205' title='bbox 454 1792 719 1853; x_wconf 90' lang='lat' dir='ltr'>apprime</span> <span class='ocrx_word' id='word_1_206' title='bbox 749 1789 1049 1850; x_wconf 87' lang='lat' dir='ltr'>defaecat0‚</span> <span class='ocrx_word' id='word_1_207' title='bbox 1080 1796 1135 1841; x_wconf 93' lang='lat' dir='ltr'>et</span> <span class='ocrx_word' id='word_1_208' title='bbox 1163 1789 1380 1841; x_wconf 89' lang='lat' dir='ltr'>latente</span> <span class='ocrx_word' id='word_1_209' title='bbox 1406 1790 1593 1850; x_wconf 88' lang='lat' dir='ltr'>Luna,</span> <span class='ocrx_word' id='word_1_210' title='bbox 1623 1796 1839 1842; x_wconf 89' lang='lat' dir='ltr'>attente</span> <span class='ocrx_word' id='word_1_211' title='bbox 1864 1792 2116 1842; x_wconf 91' lang='lat' dir='ltr'>intuenti</span> <span class='ocrx_word' id='word_1_212' title='bbox 2141 1805 2451 1855; x_wconf 72' lang='lat' dir='ltr'>apparem,</span> 
     </span>
     <span class='ocr_line' id='line_1_22' title="bbox 250 1859 2451 1926; baseline 0.001 -15"><span class='ocrx_word' id='word_1_213' title='bbox 250 1875 431 1923; x_wconf 92' lang='lat' dir='ltr'>quam</span> <span class='ocrx_word' id='word_1_214' title='bbox 458 1875 553 1911; x_wconf 90' lang='lat' dir='ltr'>me</span> <span class='ocrx_word' id='word_1_215' title='bbox 581 1876 892 1924; x_wconf 90' lang='lat' dir='ltr'>nunquam</span> <span class='ocrx_word' id='word_1_216' title='bbox 919 1867 1095 1912; x_wconf 92' lang='lat' dir='ltr'>antea</span> <span class='ocrx_word' id='word_1_217' title='bbox 1120 1859 1338 1912; x_wconf 90' lang='lat' dir='ltr'>ibidem</span> <span class='ocrx_word' id='word_1_218' title='bbox 1357 1861 1549 1913; x_wconf 90' lang='lat' dir='ltr'>vidisse</span> <span class='ocrx_word' id='word_1_219' title='bbox 1568 1863 1831 1921; x_wconf 91' lang='lat' dir='ltr'>memini,</span> <span class='ocrx_word' id='word_1_220' title='bbox 1860 1864 2107 1913; x_wconf 92' lang='lat' dir='ltr'>omnino</span> <span class='ocrx_word' id='word_1_221' title='bbox 2129 1861 2451 1926; x_wconf 86' lang='lat' dir='ltr'>persuadet.</span> 
     </span>
     <span class='ocr_line' id='line_1_23' title="bbox 249 1931 2451 1996; baseline 0.002 -14"><span class='ocrx_word' id='word_1_222' title='bbox 249 1932 327 1982; x_wconf 94' lang='lat' dir='ltr'>At</span> <span class='ocrx_word' id='word_1_223' title='bbox 347 1931 524 1982; x_wconf 89' lang='lat' dir='ltr'>dices:</span> <span class='ocrx_word' id='word_1_224' title='bbox 547 1931 608 1983; x_wconf 92' lang='lat' dir='ltr'>Si</span> <span class='ocrx_word' id='word_1_225' title='bbox 629 1947 701 1982; x_wconf 89' lang='lat' dir='ltr'>ex</span> <span class='ocrx_word' id='word_1_226' title='bbox 722 1931 931 1983; x_wconf 91' lang='lat' dir='ltr'>eadem</span> <span class='ocrx_word' id='word_1_227' title='bbox 946 1938 1001 1983; x_wconf 89' lang='lat' dir='ltr'>et</span> <span class='ocrx_word' id='word_1_228' title='bbox 1014 1938 1298 1996; x_wconf 91' lang='lat' dir='ltr'>perpetua</span> <span class='ocrx_word' id='word_1_229' title='bbox 1312 1947 1449 1984; x_wconf 92' lang='lat' dir='ltr'>cum</span> <span class='ocrx_word' id='word_1_230' title='bbox 1462 1932 1704 1996; x_wconf 90' lang='lat' dir='ltr'>reliquis</span> <span class='ocrx_word' id='word_1_231' title='bbox 1718 1932 2017 1985; x_wconf 91' lang='lat' dir='ltr'>Sideribus</span> <span class='ocrx_word' id='word_1_232' title='bbox 2033 1932 2308 1985; x_wconf 85' lang='lat' dir='ltr'>Galaxiae</span> <span class='ocrx_word' id='word_1_233' title='bbox 2324 1932 2451 1986; x_wconf 92' lang='lat' dir='ltr'>sub-</span> 
     </span>
     <span class='ocr_line' id='line_1_24' title="bbox 248 2002 2451 2070; baseline 0.001 -17"><span class='ocrx_word' id='word_1_234' title='bbox 248 2002 453 2054; x_wconf 82' lang='lat' dir='ltr'>stantia</span> <span class='ocrx_word' id='word_1_235' title='bbox 480 2005 662 2053; x_wconf 89' lang='lat' dir='ltr'>extitit</span> <span class='ocrx_word' id='word_1_236' title='bbox 688 2002 818 2054; x_wconf 92' lang='grc'><strong>1186</strong></span> <span class='ocrx_word' id='word_1_237' title='bbox 845 2003 1040 2063; x_wconf 90' lang='lat' dir='ltr'>Stella,</span> <span class='ocrx_word' id='word_1_238' title='bbox 1072 2019 1175 2055; x_wconf 92' lang='lat' dir='ltr'>cur</span> <span class='ocrx_word' id='word_1_239' title='bbox 1200 2019 1325 2055; x_wconf 93' lang='grc'><strong>11011</strong></span> <span class='ocrx_word' id='word_1_240' title='bbox 1352 2006 1530 2056; x_wconf 90' lang='lat' dir='ltr'>etiam</span> <span class='ocrx_word' id='word_1_241' title='bbox 1555 2010 1840 2068; x_wconf 89' lang='lat' dir='ltr'>perpetuo</span> <span class='ocrx_word' id='word_1_242' title='bbox 1866 2003 2069 2070; x_wconf 88' lang='lat' dir='ltr'>ijsdem</span> <span class='ocrx_word' id='word_1_243' title='bbox 2095 2019 2300 2056; x_wconf 87' lang='lat' dir='ltr'>coaeva</span> <span class='ocrx_word' id='word_1_244' title='bbox 2324 2019 2451 2069; x_wconf 87' lang='lat' dir='ltr'>per-</span> 
     </span>
     <span class='ocr_line' id='line_1_25' title="bbox 248 2071 2452 2141; baseline 0.002 -17"><span class='ocrx_word' id='word_1_245' title='bbox 248 2071 491 2125; x_wconf 77' lang='lat' dir='ltr'>mansit?</span> <span class='ocrx_word' id='word_1_246' title='bbox 520 2074 615 2125; x_wconf 91' lang='lat' dir='ltr'>Ad</span> <span class='ocrx_word' id='word_1_247' title='bbox 645 2073 800 2125; x_wconf 92' lang='lat' dir='ltr'>hanc</span> <span class='ocrx_word' id='word_1_248' title='bbox 827 2074 1255 2127; x_wconf 91' lang='lat' dir='ltr'>dubitationem</span> <span class='ocrx_word' id='word_1_249' title='bbox 1280 2074 1422 2126; x_wconf 93' lang='lat' dir='ltr'>nolo</span> <span class='ocrx_word' id='word_1_250' title='bbox 1448 2077 1511 2126; x_wconf 93' lang='lat' dir='ltr'>in</span> <span class='ocrx_word' id='word_1_251' title='bbox 1537 2074 1982 2139; x_wconf 88' lang='lat' dir='ltr'>praesentiarum</span> <span class='ocrx_word' id='word_1_252' title='bbox 2007 2075 2195 2128; x_wconf 89' lang='lat' dir='ltr'>multa</span> <span class='ocrx_word' id='word_1_253' title='bbox 2219 2075 2452 2141; x_wconf 88' lang='lat' dir='ltr'>respon-</span> 
     </span>
     <span class='ocr_line' id='line_1_26' title="bbox 250 2144 2451 2211; baseline 0.002 -15"><span class='ocrx_word' id='word_1_254' title='bbox 250 2145 402 2205; x_wconf 93' lang='lat' dir='ltr'>dere,</span> <span class='ocrx_word' id='word_1_255' title='bbox 424 2148 486 2196; x_wconf 91' lang='lat' dir='ltr'>in</span> <span class='ocrx_word' id='word_1_256' title='bbox 506 2144 625 2196; x_wconf 91' lang='lat' dir='ltr'>fine</span> <span class='ocrx_word' id='word_1_257' title='bbox 648 2145 875 2210; x_wconf 85' lang='lat' dir='ltr'>OperiS,</span> <span class='ocrx_word' id='word_1_258' title='bbox 898 2146 1058 2210; x_wconf 94' lang='lat' dir='ltr'>quod</span> <span class='ocrx_word' id='word_1_259' title='bbox 1079 2146 1150 2198; x_wconf 92' lang='lat' dir='ltr'>de</span> <span class='ocrx_word' id='word_1_260' title='bbox 1170 2146 1444 2211; x_wconf 88' lang='lat' dir='ltr'>Ascititijs</span> <span class='ocrx_word' id='word_1_261' title='bbox 1465 2146 1623 2199; x_wconf 90' lang='lat' dir='ltr'>Coeli</span> <span class='ocrx_word' id='word_1_262' title='bbox 1641 2145 2060 2198; x_wconf 73' lang='lat' dir='ltr'>Phaenomenis</span> <span class='ocrx_word' id='word_1_263' title='bbox 2079 2146 2310 2208; x_wconf 94' lang='lat' dir='ltr'>molior,</span> <span class='ocrx_word' id='word_1_264' title='bbox 2331 2162 2451 2200; x_wconf 93' lang='lat' dir='ltr'>me-</span> 
     </span>
     <span class='ocr_line' id='line_1_27' title="bbox 249 2215 2453 2282; baseline 0.002 -15"><span class='ocrx_word' id='word_1_265' title='bbox 249 2232 347 2268; x_wconf 88' lang='lat' dir='ltr'>am</span> <span class='ocrx_word' id='word_1_266' title='bbox 361 2218 423 2267; x_wconf 92' lang='lat' dir='ltr'>in</span> <span class='ocrx_word' id='word_1_267' title='bbox 437 2215 530 2267; x_wconf 93' lang='lat' dir='ltr'>his</span> <span class='ocrx_word' id='word_1_268' title='bbox 544 2223 721 2280; x_wconf 90' lang='lat' dir='ltr'>atque</span> <span class='ocrx_word' id='word_1_269' title='bbox 735 2216 1017 2268; x_wconf 90' lang='lat' dir='ltr'>fimilibus</span> <span class='ocrx_word' id='word_1_270' title='bbox 1031 2224 1341 2282; x_wconf 89' lang='lat' dir='ltr'>aperturus</span> <span class='ocrx_word' id='word_1_271' title='bbox 1354 2217 1716 2272; x_wconf 91' lang='lat' dir='ltr'>sententiam.</span> <span class='ocrx_word' id='word_1_272' title='bbox 1732 2217 1796 2270; x_wconf 93' lang='lat' dir='ltr'>Id</span> <span class='ocrx_word' id='word_1_273' title='bbox 1809 2218 2180 2270; x_wconf 87' lang='lat' dir='ltr'>solummodo</span> <span class='ocrx_word' id='word_1_274' title='bbox 2194 2218 2453 2271; x_wconf 91' lang='lat' dir='ltr'>hocloco</span> 
     </span>
     <span class='ocr_line' id='line_1_28' title="bbox 250 2287 2454 2355; baseline 0.002 -17"><span class='ocrx_word' id='word_1_275' title='bbox 250 2288 463 2339; x_wconf 84' lang='lat' dir='ltr'>dicam:</span> <span class='ocrx_word' id='word_1_276' title='bbox 488 2287 640 2350; x_wconf 86' lang='lat' dir='ltr'>Quae</span> <span class='ocrx_word' id='word_1_277' title='bbox 661 2288 1008 2340; x_wconf 90' lang='lat' dir='ltr'>miraculose</span> <span class='ocrx_word' id='word_1_278' title='bbox 1029 2295 1084 2341; x_wconf 90' lang='lat' dir='ltr'>et</span> <span class='ocrx_word' id='word_1_279' title='bbox 1103 2295 1316 2353; x_wconf 88' lang='lat' dir='ltr'>praeter</span> <span class='ocrx_word' id='word_1_280' title='bbox 1337 2304 1718 2341; x_wconf 91' lang='lat' dir='ltr'>communem</span> <span class='ocrx_word' id='word_1_281' title='bbox 1732 2289 2002 2342; x_wconf 89' lang='lat' dir='ltr'>ordinem</span> <span class='ocrx_word' id='word_1_282' title='bbox 2015 2305 2454 2355; x_wconf 89' lang='lat' dir='ltr'>nonnunquam</span> 
     </span>
     <span class='ocr_line' id='line_1_29' title="bbox 248 2360 2455 2427; baseline 0.001 -17"><span class='ocrx_word' id='word_1_283' title='bbox 248 2362 311 2410; x_wconf 93' lang='lat' dir='ltr'>in</span> <span class='ocrx_word' id='word_1_284' title='bbox 340 2374 539 2410; x_wconf 92' lang='lat' dir='ltr'>rerum</span> <span class='ocrx_word' id='word_1_285' title='bbox 567 2365 781 2411; x_wconf 91' lang='lat' dir='ltr'>natura</span> <span class='ocrx_word' id='word_1_286' title='bbox 809 2363 1182 2423; x_wconf 89' lang='lat' dir='ltr'>proveniunt,</span> <span class='ocrx_word' id='word_1_287' title='bbox 1212 2360 1415 2425; x_wconf 87' lang='lat' dir='ltr'>ijsdem</span> <span class='ocrx_word' id='word_1_288' title='bbox 1441 2376 1578 2412; x_wconf 93' lang='lat' dir='ltr'>cum</span> <span class='ocrx_word' id='word_1_289' title='bbox 1605 2360 1778 2413; x_wconf 90' lang='lat' dir='ltr'>Coelo</span> <span class='ocrx_word' id='word_1_290' title='bbox 1806 2361 1908 2413; x_wconf 93' lang='lat' dir='ltr'>diu</span> <span class='ocrx_word' id='word_1_291' title='bbox 1937 2360 2225 2413; x_wconf 88' lang='lat' dir='ltr'>consuetis</span> <span class='ocrx_word' id='word_1_292' title='bbox 2252 2361 2455 2427; x_wconf 91' lang='lat' dir='ltr'>subijci</span> 
     </span>
     <span class='ocr_line' id='line_1_30' title="bbox 248 2430 2453 2497; baseline 0.002 -16"><span class='ocrx_word' id='word_1_293' title='bbox 248 2430 487 2495; x_wconf 84' lang='lat' dir='ltr'>legibuS,</span> <span class='ocrx_word' id='word_1_294' title='bbox 516 2446 639 2482; x_wconf 94' lang='lat' dir='ltr'>non</span> <span class='ocrx_word' id='word_1_295' title='bbox 665 2432 880 2483; x_wconf 88' lang='lat' dir='ltr'>necesse</span> <span class='ocrx_word' id='word_1_296' title='bbox 909 2431 1145 2483; x_wconf 90' lang='lat' dir='ltr'>habent.</span> <span class='ocrx_word' id='word_1_297' title='bbox 1177 2431 1291 2484; x_wconf 93' lang='lat' dir='ltr'>Sed</span> <span class='ocrx_word' id='word_1_298' title='bbox 1317 2432 1459 2496; x_wconf 92' lang='lat' dir='ltr'>quid</span> <span class='ocrx_word' id='word_1_299' title='bbox 1485 2431 1876 2497; x_wconf 90' lang='lat' dir='ltr'>Sapphirinus</span> <span class='ocrx_word' id='word_1_300' title='bbox 1901 2431 2000 2484; x_wconf 90' lang='lat' dir='ltr'>ille</span> <span class='ocrx_word' id='word_1_301' title='bbox 2028 2432 2185 2484; x_wconf 90' lang='lat' dir='ltr'>Coeli</span> <span class='ocrx_word' id='word_1_302' title='bbox 2211 2432 2373 2485; x_wconf 91' lang='lat' dir='ltr'>color</span> <span class='ocrx_word' id='word_1_303' title='bbox 2397 2439 2453 2485; x_wconf 89' lang='lat' dir='ltr'>te</span> 
     </span>
     <span class='ocr_line' id='line_1_31' title="bbox 249 2502 2452 2568; baseline 0.002 -16"><span class='ocrx_word' id='word_1_304' title='bbox 249 2504 462 2553; x_wconf 90' lang='lat' dir='ltr'>iterum</span> <span class='ocrx_word' id='word_1_305' title='bbox 487 2508 701 2562; x_wconf 87' lang='lat' dir='ltr'>movet,</span> <span class='ocrx_word' id='word_1_306' title='bbox 728 2509 792 2554; x_wconf 90' lang='lat' dir='ltr'>ut</span> <span class='ocrx_word' id='word_1_307' title='bbox 818 2502 978 2554; x_wconf 93' lang='grc'><strong>1111116</strong></span> <span class='ocrx_word' id='word_1_308' title='bbox 1006 2518 1079 2555; x_wconf 89' lang='lat' dir='ltr'>ex</span> <span class='ocrx_word' id='word_1_309' title='bbox 1103 2503 1359 2556; x_wconf 90' lang='lat' dir='ltr'>nubibus</span> <span class='ocrx_word' id='word_1_310' title='bbox 1381 2510 1435 2555; x_wconf 91' lang='grc'>61</span> <span class='ocrx_word' id='word_1_311' title='bbox 1455 2506 1626 2568; x_wconf 92' lang='lat' dir='ltr'>aquis</span> <span class='ocrx_word' id='word_1_312' title='bbox 1652 2503 1863 2564; x_wconf 93' lang='lat' dir='ltr'>lucem,</span> <span class='ocrx_word' id='word_1_313' title='bbox 1892 2519 2074 2568; x_wconf 92' lang='lat' dir='ltr'>quam</span> <span class='ocrx_word' id='word_1_314' title='bbox 2095 2503 2270 2556; x_wconf 91' lang='lat' dir='ltr'>Coelo</span> <span class='ocrx_word' id='word_1_315' title='bbox 2297 2506 2452 2556; x_wconf 89' lang='lat' dir='ltr'>attri-</span> 
     </span>
     <span class='ocr_line' id='line_1_32' title="bbox 248 2572 2452 2640; baseline 0.001 -16"><span class='ocrx_word' id='word_1_316' title='bbox 248 2573 395 2633; x_wconf 85' lang='lat' dir='ltr'>buiS,</span> <span class='ocrx_word' id='word_1_317' title='bbox 419 2579 582 2625; x_wconf 88' lang='lat' dir='ltr'>extra</span> <span class='ocrx_word' id='word_1_318' title='bbox 595 2576 755 2625; x_wconf 91' lang='lat' dir='ltr'>viam</span> <span class='ocrx_word' id='word_1_319' title='bbox 770 2572 1020 2626; x_wconf 69' lang='lat' dir='ltr'>lacteam</span> <span class='ocrx_word' id='word_1_320' title='bbox 1033 2576 1382 2638; x_wconf 89' lang='lat' dir='ltr'>potissimum</span> <span class='ocrx_word' id='word_1_321' title='bbox 1396 2574 1855 2635; x_wconf 90' lang='lat' dir='ltr'>obscurantibus,</span> <span class='ocrx_word' id='word_1_322' title='bbox 1876 2577 2205 2640; x_wconf 90' lang='lat' dir='ltr'>provenire,</span> <span class='ocrx_word' id='word_1_323' title='bbox 2226 2575 2322 2628; x_wconf 88' lang='lat' dir='ltr'>sed</span> <span class='ocrx_word' id='word_1_324' title='bbox 2336 2574 2452 2627; x_wconf 90' lang='lat' dir='ltr'>fru-</span> 
     </span>
     <span class='ocr_line' id='line_1_33' title="bbox 248 2643 2454 2711; baseline 0.001 -16"><span class='ocrx_word' id='word_1_325' title='bbox 248 2644 373 2704; x_wconf 83' lang='lat' dir='ltr'>stra,</span> <span class='ocrx_word' id='word_1_326' title='bbox 396 2643 717 2696; x_wconf 77' lang='lat' dir='ltr'>existimes?</span> <span class='ocrx_word' id='word_1_327' title='bbox 738 2645 864 2697; x_wconf 94' lang='lat' dir='ltr'>Imo</span> <span class='ocrx_word' id='word_1_328' title='bbox 881 2645 1271 2710; x_wconf 92' lang='lat' dir='ltr'>Sapphirinus</span> <span class='ocrx_word' id='word_1_329' title='bbox 1288 2646 1385 2698; x_wconf 88' lang='lat' dir='ltr'>iste</span> <span class='ocrx_word' id='word_1_330' title='bbox 1401 2645 1562 2698; x_wconf 92' lang='lat' dir='ltr'>color</span> <span class='ocrx_word' id='word_1_331' title='bbox 1578 2652 1814 2711; x_wconf 92' lang='lat' dir='ltr'>propter</span> <span class='ocrx_word' id='word_1_332' title='bbox 1827 2645 2286 2699; x_wconf 88' lang='lat' dir='ltr'>imbecillitatem</span> <span class='ocrx_word' id='word_1_333' title='bbox 2298 2646 2454 2699; x_wconf 90' lang='lat' dir='ltr'>visus</span> 
     </span>
     <span class='ocr_line' id='line_1_34' title="bbox 249 2715 2453 2783; baseline 0.002 -17"><span class='ocrx_word' id='word_1_334' title='bbox 249 2715 424 2767; x_wconf 90' lang='lat' dir='ltr'>nostri</span> <span class='ocrx_word' id='word_1_335' title='bbox 448 2718 730 2781; x_wconf 91' lang='lat' dir='ltr'>ingeritur</span> <span class='ocrx_word' id='word_1_336' title='bbox 756 2717 959 2768; x_wconf 86' lang='lat' dir='ltr'>oculiS.</span> <span class='ocrx_word' id='word_1_337' title='bbox 990 2717 1150 2768; x_wconf 91' lang='lat' dir='ltr'>Licet</span> <span class='ocrx_word' id='word_1_338' title='bbox 1177 2719 1337 2769; x_wconf 91' lang='lat' dir='ltr'>enim</span> <span class='ocrx_word' id='word_1_339' title='bbox 1362 2720 1465 2770; x_wconf 71' lang='lat' dir='ltr'>aer</span> <span class='ocrx_word' id='word_1_340' title='bbox 1489 2733 1594 2782; x_wconf 87' lang='lat' dir='ltr'>per</span> <span class='ocrx_word' id='word_1_341' title='bbox 1618 2717 1674 2769; x_wconf 91' lang='lat' dir='ltr'>se</span> <span class='ocrx_word' id='word_1_342' title='bbox 1699 2723 1940 2782; x_wconf 89' lang='lat' dir='ltr'>totaque</span> <span class='ocrx_word' id='word_1_343' title='bbox 1965 2717 2249 2770; x_wconf 91' lang='lat' dir='ltr'>AEtherea</span> <span class='ocrx_word' id='word_1_344' title='bbox 2274 2718 2453 2783; x_wconf 90' lang='lat' dir='ltr'>Regio</span> 
     </span>
     <span class='ocr_line' id='line_1_35' title="bbox 250 2787 2452 2854; baseline 0.002 -17"><span class='ocrx_word' id='word_1_345' title='bbox 250 2789 444 2838; x_wconf 91' lang='lat' dir='ltr'>omnis</span> <span class='ocrx_word' id='word_1_346' title='bbox 464 2787 676 2839; x_wconf 91' lang='lat' dir='ltr'>coloris</span> <span class='ocrx_word' id='word_1_347' title='bbox 698 2791 959 2852; x_wconf 89' lang='lat' dir='ltr'>expertia</span> <span class='ocrx_word' id='word_1_348' title='bbox 978 2788 1100 2849; x_wconf 87' lang='lat' dir='ltr'>fint,</span> <span class='ocrx_word' id='word_1_349' title='bbox 1123 2795 1325 2840; x_wconf 90' lang='lat' dir='ltr'>tamen</span> <span class='ocrx_word' id='word_1_350' title='bbox 1346 2804 1481 2840; x_wconf 92' lang='lat' dir='ltr'>cum</span> <span class='ocrx_word' id='word_1_351' title='bbox 1501 2791 1564 2840; x_wconf 93' lang='grc'>111</span> <span class='ocrx_word' id='word_1_352' title='bbox 1583 2788 1686 2841; x_wconf 84' lang='lat' dir='ltr'>ista</span> <span class='ocrx_word' id='word_1_353' title='bbox 1704 2788 2144 2854; x_wconf 84' lang='lat' dir='ltr'>profundissima</span> <span class='ocrx_word' id='word_1_354' title='bbox 2164 2788 2452 2841; x_wconf 74' lang='lat' dir='ltr'>immensi-</span> 
     </span>
     <span class='ocr_line' id='line_1_36' title="bbox 250 2858 2452 2924; baseline 0.001 -15"><span class='ocrx_word' id='word_1_355' title='bbox 250 2864 366 2910; x_wconf 89' lang='lat' dir='ltr'>tate</span> <span class='ocrx_word' id='word_1_356' title='bbox 386 2858 540 2910; x_wconf 92' lang='lat' dir='ltr'>visus</span> <span class='ocrx_word' id='word_1_357' title='bbox 561 2874 685 2910; x_wconf 94' lang='lat' dir='ltr'>non</span> <span class='ocrx_word' id='word_1_358' title='bbox 705 2862 985 2919; x_wconf 89' lang='lat' dir='ltr'>inveniat,</span> <span class='ocrx_word' id='word_1_359' title='bbox 1006 2860 1109 2912; x_wconf 94' lang='lat' dir='ltr'>ubi</span> <span class='ocrx_word' id='word_1_360' title='bbox 1128 2859 1362 2920; x_wconf 82' lang='lat' dir='ltr'>sistatur,</span> <span class='ocrx_word' id='word_1_361' title='bbox 1384 2860 1546 2912; x_wconf 93' lang='lat' dir='ltr'>color</span> <span class='ocrx_word' id='word_1_362' title='bbox 1565 2860 1664 2912; x_wconf 90' lang='grc'><strong>1116</strong></span> <span class='ocrx_word' id='word_1_363' title='bbox 1684 2860 1972 2912; x_wconf 86' lang='lat' dir='ltr'>caeruleus</span> <span class='ocrx_word' id='word_1_364' title='bbox 1988 2859 2174 2912; x_wconf 92' lang='lat' dir='ltr'>oculis</span> <span class='ocrx_word' id='word_1_365' title='bbox 2187 2875 2292 2924; x_wconf 90' lang='lat' dir='ltr'>per</span> <span class='ocrx_word' id='word_1_366' title='bbox 2305 2862 2452 2913; x_wconf 91' lang='lat' dir='ltr'>acci·</span> 
     </span>
     <span class='ocr_line' id='line_1_37' title="bbox 251 2929 2454 2996; baseline 0.001 -16"><span class='ocrx_word' id='word_1_367' title='bbox 251 2929 394 2980; x_wconf 92' lang='lat' dir='ltr'>dens</span> <span class='ocrx_word' id='word_1_368' title='bbox 427 2932 723 2995; x_wconf 91' lang='lat' dir='ltr'>ingeritur,</span> <span class='ocrx_word' id='word_1_369' title='bbox 758 2931 1264 2994; x_wconf 90' lang='lat' dir='ltr'>quemadmodum</span> <span class='ocrx_word' id='word_1_370' title='bbox 1295 2931 1447 2996; x_wconf 85' lang='lat' dir='ltr'>saepe</span> <span class='ocrx_word' id='word_1_371' title='bbox 1475 2931 1745 2983; x_wconf 90' lang='lat' dir='ltr'>videmus</span> <span class='ocrx_word' id='word_1_372' title='bbox 1778 2934 1997 2992; x_wconf 93' lang='lat' dir='ltr'>omnia,</span> <span class='ocrx_word' id='word_1_373' title='bbox 2031 2947 2167 2996; x_wconf 87' lang='lat' dir='ltr'>quae</span> <span class='ocrx_word' id='word_1_374' title='bbox 2198 2931 2454 2983; x_wconf 93' lang='lat' dir='ltr'>multum</span> 
     </span>
     <span class='ocr_line' id='line_1_38' title="bbox 252 3000 2454 3068; baseline 0.002 -17"><span class='ocrx_word' id='word_1_375' title='bbox 252 3000 472 3060; x_wconf 89' lang='lat' dir='ltr'>distant,</span> <span class='ocrx_word' id='word_1_376' title='bbox 501 3001 785 3053; x_wconf 90' lang='lat' dir='ltr'>eiusmodi</span> <span class='ocrx_word' id='word_1_377' title='bbox 813 3002 999 3054; x_wconf 92' lang='lat' dir='ltr'>oculis</span> <span class='ocrx_word' id='word_1_378' title='bbox 1022 3018 1324 3067; x_wconf 92' lang='lat' dir='ltr'>apparere,</span> <span class='ocrx_word' id='word_1_379' title='bbox 1352 3005 1625 3067; x_wconf 90' lang='lat' dir='ltr'>quamvis</span> <span class='ocrx_word' id='word_1_380' title='bbox 1650 3018 1754 3068; x_wconf 92' lang='lat' dir='ltr'>per</span> <span class='ocrx_word' id='word_1_381' title='bbox 1772 3002 1828 3055; x_wconf 90' lang='lat' dir='ltr'>se</span> <span class='ocrx_word' id='word_1_382' title='bbox 1848 3002 2029 3055; x_wconf 92' lang='lat' dir='ltr'>talem</span> <span class='ocrx_word' id='word_1_383' title='bbox 2049 3002 2310 3055; x_wconf 92' lang='lat' dir='ltr'>colorem</span> <span class='ocrx_word' id='word_1_384' title='bbox 2330 3018 2454 3055; x_wconf 92' lang='lat' dir='ltr'>non</span> 
     </span>
     <span class='ocr_line' id='line_1_39' title="bbox 251 3070 2455 3139; baseline 0.002 -18"><span class='ocrx_word' id='word_1_385' title='bbox 251 3070 525 3123; x_wconf 88' lang='lat' dir='ltr'>habeant.</span> <span class='ocrx_word' id='word_1_386' title='bbox 559 3073 637 3123; x_wconf 91' lang='lat' dir='ltr'>At</span> <span class='ocrx_word' id='word_1_387' title='bbox 668 3072 798 3124; x_wconf 90' lang='grc'><strong>1186</strong></span> <span class='ocrx_word' id='word_1_388' title='bbox 831 3089 868 3125; x_wconf 90' lang='grc'><strong>3</strong></span> <span class='ocrx_word' id='word_1_389' title='bbox 898 3076 983 3125; x_wconf 85' lang='grc'>161</span> <span class='ocrx_word' id='word_1_390' title='bbox 1015 3074 1241 3138; x_wconf 89' lang='lat' dir='ltr'>Opticae</span> <span class='ocrx_word' id='word_1_391' title='bbox 1273 3073 1643 3139; x_wconf 90' lang='lat' dir='ltr'>scriptoribus</span> <span class='ocrx_word' id='word_1_392' title='bbox 1674 3074 1807 3126; x_wconf 92' lang='lat' dir='ltr'>satis</span> <span class='ocrx_word' id='word_1_393' title='bbox 1839 3074 2126 3139; x_wconf 87' lang='lat' dir='ltr'>superque</span> <span class='ocrx_word' id='word_1_394' title='bbox 2159 3073 2455 3127; x_wconf 92' lang='lat' dir='ltr'>declarata</span> 
     </span>
     <span class='ocr_line' id='line_1_40' title="bbox 251 3141 2454 3210; baseline 0.003 -18"><span class='ocrx_word' id='word_1_395' title='bbox 251 3141 395 3201; x_wconf 91' lang='lat' dir='ltr'>sunt,</span> <span class='ocrx_word' id='word_1_396' title='bbox 429 3149 492 3193; x_wconf 92' lang='lat' dir='ltr'>ut</span> <span class='ocrx_word' id='word_1_397' title='bbox 521 3158 645 3194; x_wconf 93' lang='lat' dir='ltr'>non</span> <span class='ocrx_word' id='word_1_398' title='bbox 674 3159 824 3208; x_wconf 93' lang='lat' dir='ltr'>opus</span> <span class='ocrx_word' id='word_1_399' title='bbox 853 3144 932 3204; x_wconf 93' lang='lat' dir='ltr'>fit,</span> <span class='ocrx_word' id='word_1_400' title='bbox 964 3160 995 3196; x_wconf 93' lang='lat' dir='ltr'>e</span> <span class='ocrx_word' id='word_1_401' title='bbox 1025 3145 1282 3197; x_wconf 93' lang='lat' dir='ltr'>nubibus</span> <span class='ocrx_word' id='word_1_402' title='bbox 1310 3145 1811 3209; x_wconf 82' lang='lat' dir='ltr'>supracoelestibus</span> <span class='ocrx_word' id='word_1_403' title='bbox 1839 3145 2000 3198; x_wconf 93' lang='lat' dir='ltr'>hunc</span> <span class='ocrx_word' id='word_1_404' title='bbox 2030 3144 2454 3210; x_wconf 91' lang='lat' dir='ltr'>Sapphirinum</span> 
     </span>
     <span class='ocr_line' id='line_1_41' title="bbox 254 3212 2452 3281; baseline 0.003 -19"><span class='ocrx_word' id='word_1_405' title='bbox 254 3212 512 3263; x_wconf 89' lang='lat' dir='ltr'>colorem</span> <span class='ocrx_word' id='word_1_406' title='bbox 538 3216 813 3266; x_wconf 90' lang='lat' dir='ltr'>incassum</span> <span class='ocrx_word' id='word_1_407' title='bbox 838 3219 1115 3275; x_wconf 90' lang='lat' dir='ltr'>mutuari,</span> <span class='ocrx_word' id='word_1_408' title='bbox 1147 3232 1267 3281; x_wconf 92' lang='lat' dir='ltr'>qua</span> <span class='ocrx_word' id='word_1_409' title='bbox 1293 3218 1470 3268; x_wconf 90' lang='lat' dir='ltr'>etiam</span> <span class='ocrx_word' id='word_1_410' title='bbox 1497 3217 1568 3269; x_wconf 92' lang='lat' dir='ltr'>de</span> <span class='ocrx_word' id='word_1_411' title='bbox 1595 3232 1658 3269; x_wconf 91' lang='lat' dir='ltr'>re</span> <span class='ocrx_word' id='word_1_412' title='bbox 1683 3219 1747 3268; x_wconf 93' lang='lat' dir='ltr'>in</span> <span class='ocrx_word' id='word_1_413' title='bbox 1771 3216 2166 3281; x_wconf 89' lang='lat' dir='ltr'>superioribus</span> <span class='ocrx_word' id='word_1_414' title='bbox 2190 3216 2371 3269; x_wconf 90' lang='lat' dir='ltr'>literis</span> <span class='ocrx_word' id='word_1_415' title='bbox 2395 3222 2452 3269; x_wconf 90' lang='lat' dir='ltr'>te</span> 
     </span>
     <span class='ocr_line' id='line_1_42' title="bbox 252 3284 2453 3352; baseline 0.003 -18"><span class='ocrx_word' id='word_1_416' title='bbox 252 3284 552 3335; x_wconf 90' lang='lat' dir='ltr'>admonui.</span> <span class='ocrx_word' id='word_1_417' title='bbox 575 3284 668 3336; x_wconf 92' lang='lat' dir='ltr'>De</span> <span class='ocrx_word' id='word_1_418' title='bbox 684 3286 861 3338; x_wconf 89' lang='lat' dir='ltr'>Nova</span> <span class='ocrx_word' id='word_1_419' title='bbox 878 3293 1077 3338; x_wconf 89' lang='lat' dir='ltr'>autem</span> <span class='ocrx_word' id='word_1_420' title='bbox 1094 3287 1223 3348; x_wconf 94' lang='lat' dir='ltr'>hac,</span> <span class='ocrx_word' id='word_1_421' title='bbox 1245 3290 1412 3340; x_wconf 92' lang='lat' dir='ltr'>cuius</span> <span class='ocrx_word' id='word_1_422' title='bbox 1428 3290 1793 3340; x_wconf 91' lang='lat' dir='ltr'>mentionem</span> <span class='ocrx_word' id='word_1_423' title='bbox 1812 3287 1939 3348; x_wconf 89' lang='lat' dir='ltr'>feci,</span> <span class='ocrx_word' id='word_1_424' title='bbox 1960 3287 2155 3348; x_wconf 88' lang='lat' dir='ltr'>Stella,</span> <span class='ocrx_word' id='word_1_425' title='bbox 2176 3290 2240 3340; x_wconf 90' lang='lat' dir='ltr'>in</span> <span class='ocrx_word' id='word_1_426' title='bbox 2258 3289 2453 3352; x_wconf 89' lang='lat' dir='ltr'>priore</span> 
     </span>
     <span class='ocr_line' id='line_1_43' title="bbox 253 3353 2452 3424; baseline 0.002 -19"><span class='ocrx_word' id='word_1_427' title='bbox 253 3353 447 3415; x_wconf 86' lang='lat' dir='ltr'>huiuS,</span> <span class='ocrx_word' id='word_1_428' title='bbox 479 3355 550 3406; x_wconf 90' lang='lat' dir='ltr'>de</span> <span class='ocrx_word' id='word_1_429' title='bbox 578 3371 696 3419; x_wconf 93' lang='lat' dir='ltr'>quo</span> <span class='ocrx_word' id='word_1_430' title='bbox 724 3357 859 3418; x_wconf 89' lang='lat' dir='ltr'>dixi,</span> <span class='ocrx_word' id='word_1_431' title='bbox 892 3358 1103 3422; x_wconf 91' lang='lat' dir='ltr'>Operis</span> <span class='ocrx_word' id='word_1_432' title='bbox 1128 3365 1291 3411; x_wconf 93' lang='lat' dir='ltr'>tomo</span> <span class='ocrx_word' id='word_1_433' title='bbox 1317 3357 1544 3411; x_wconf 86' lang='lat' dir='ltr'>affatim</span> <span class='ocrx_word' id='word_1_434' title='bbox 1569 3357 1767 3412; x_wconf 69' lang='lat' dir='ltr'>tracto.</span> <span class='ocrx_word' id='word_1_435' title='bbox 1798 3358 1900 3421; x_wconf 93' lang='lat' dir='ltr'>Ibi,</span> <span class='ocrx_word' id='word_1_436' title='bbox 1931 3374 2066 3424; x_wconf 86' lang='lat' dir='ltr'>quae</span> <span class='ocrx_word' id='word_1_437' title='bbox 2093 3366 2149 3411; x_wconf 91' lang='grc'>61</span> <span class='ocrx_word' id='word_1_438' title='bbox 2173 3361 2236 3411; x_wconf 85' lang='grc'>111</span> <span class='ocrx_word' id='word_1_439' title='bbox 2262 3358 2452 3411; x_wconf 92' lang='lat' dir='ltr'>Land-</span> 
     </span>
    </p>

    <p class='ocr_par' dir='ltr' id='par_1_3' title="bbox 2157 3444 2453 3495">
     <span class='ocr_line' id='line_1_44' title="bbox 2157 3444 2453 3495; baseline 0 -14"><span class='ocrx_word' id='word_1_440' title='bbox 2157 3444 2453 3495; x_wconf 78' lang='lat' dir='ltr'>graV1an1s</span> 
     </span>
    </p>
   </div>
   <div class='ocr_carea' id='block_1_3' title="bbox 2503 1093 2546 1130">
    <p class='ocr_par' dir='ltr' id='par_1_4' title="bbox 2503 1093 2546 1130">
     <span class='ocr_line' id='line_1_45' title="bbox 2503 1093 2546 1130; baseline 0.023 -1"><span class='ocrx_word' id='word_1_441' title='bbox 2503 1093 2546 1130; x_wconf 88' lang='grc'>10</span> 
     </span>
    </p>
   </div>
   <div class='ocr_carea' id='block_1_4' title="bbox 2504 1450 2547 1486">
    <p class='ocr_par' dir='ltr' id='par_1_5' title="bbox 2504 1450 2547 1486">
     <span class='ocr_line' id='line_1_46' title="bbox 2504 1450 2547 1486; baseline 0.023 -1"><span class='ocrx_word' id='word_1_442' title='bbox 2504 1450 2547 1486; x_wconf 87' lang='grc'>15</span> 
     </span>
    </p>
   </div>
   <div class='ocr_carea' id='block_1_5' title="bbox 2501 1806 2548 1842">
    <p class='ocr_par' dir='ltr' id='par_1_6' title="bbox 2501 1806 2548 1842">
     <span class='ocr_line' id='line_1_47' title="bbox 2501 1806 2548 1842; baseline 0 0"><span class='ocrx_word' id='word_1_443' title='bbox 2501 1806 2548 1842; x_wconf 90' lang='grc'>20</span> 
     </span>
    </p>
   </div>
   <div class='ocr_carea' id='block_1_6' title="bbox 2501 2163 2547 2199">
    <p class='ocr_par' dir='ltr' id='par_1_7' title="bbox 2501 2163 2547 2199">
     <span class='ocr_line' id='line_1_48' title="bbox 2501 2163 2547 2199; baseline 0 0"><span class='ocrx_word' id='word_1_444' title='bbox 2501 2163 2547 2199; x_wconf 85' lang='grc'>25</span> 
     </span>
    </p>
   </div>
   <div class='ocr_carea' id='block_1_7' title="bbox 2501 2875 2548 2911">
    <p class='ocr_par' dir='ltr' id='par_1_8' title="bbox 2501 2875 2548 2911">
     <span class='ocr_line' id='line_1_49' title="bbox 2501 2875 2548 2911; baseline 0 0"><span class='ocrx_word' id='word_1_445' title='bbox 2501 2875 2548 2911; x_wconf 85' lang='grc'>35</span> 
     </span>
    </p>
   </div>
  </div>
 </body>
</html>
