2644 4030
110 1089 153 1126 10

109 1445 152 1482 15

103 2165 150 2200 25

298 291 603 347 TYCHO
624 292 747 346 AD
767 291 1311 348 THADDAEUM
1333 294 1819 350 HAGECIUM
1840 298 1860 349 l
1882 298 2081 351 NOV.
2103 299 2249 352 1589
2322 300 2403 352 211

202 442 449 496 motum,
475 442 540 489 ut
565 435 776 501 reliqui
799 435 1076 498 Planetae,
1103 436 1436 497 exhibeant,
1463 454 1666 492 necne.
1695 439 1895 503 Quam
1921 456 2103 506 prope
2130 443 2302 507 igitur
2328 442 2404 495 ad

202 506 442 573 scopum
463 507 831 567 collimarim,
852 507 894 559 fl
913 510 1016 573 qui
1034 508 1164 561 sunt
1182 508 1396 574 plureS,
1424 513 1508 562 uti
1535 512 1639 571 aiS,
1667 513 1769 575 qui
1791 526 2027 564 mecum
2048 528 2119 564 eo
2139 513 2402 573 tendunt,

202 578 287 631 illi
316 579 649 645 dijudicent,
679 579 860 632 modo
889 586 1108 632 metam
1138 583 1379 645 petitam
1409 580 1638 633 coelitus
1668 582 1980 635 decernere
2007 586 2219 636 norint.
2248 584 2402 647 Quae

201 650 441 703 tandem
458 650 574 715 obij
581 652 662 702 cis
681 653 745 702 in
763 653 1027 703 numeris
1041 653 1194 703 circa
1208 651 1710 705 Maesthlinianam
1727 653 2074 719 hypothefin
2088 671 2125 707 a
2137 655 2403 724 mensuisse

202 722 488 783 aberrata,
510 736 598 782 ea,
618 720 660 773 fi
678 721 838 774 bona
855 728 959 774 tua
977 725 1155 774 venia
1174 723 1365 775 dicere
1385 723 1597 785 liceret,
1618 727 1702 776 mi
1715 724 2156 787 THADDAEE,
2177 742 2281 792 per
2300 726 2402 779 ali-

202 808 323 859 qua
342 795 799 857 occupationum
818 793 1241 857 impedimenta
1256 801 1310 846 et
1324 797 1615 847 incuriam
1630 796 1934 860 quandam
1950 800 2252 862 penitioris
2267 813 2402 850 con-

201 864 564 917 siderationis
584 878 621 916 a
639 870 695 916 te
715 863 838 929 ipso
858 867 1052 929 potius
1073 866 1366 918 commissa
1384 866 1530 926 sunt,
1557 883 1700 919 nam
1724 870 1985 932 primum
2012 876 2302 933 quantum
2327 870 2404 921 ad

202 934 507 1001 Epocham
528 938 1006 987 commutationis
1025 937 1239 988 mediae
1261 937 1529 990 Cometae
1556 938 1631 990 ad
1658 939 1815 991 diem
1837 939 1922 991 24.
1945 940 2300 992 Novembris
2320 946 2402 993 at-

199 1009 360 1067 tinet,
387 1022 571 1071 quam
591 1021 698 1072 ego
719 1022 856 1059 cum
876 1006 1380 1060 MAESTHLINO
1407 1008 1593 1061 statuo
1621 1011 1888 1071 eandem,
1917 1026 1989 1063 ea
2013 1011 2146 1063 satis
2171 1011 2321 1064 bene
2347 1011 2402 1063 se

200 1078 394 1138 habet,
416 1083 471 1130 et
490 1077 532 1129 fi
551 1078 692 1142 quid
711 1077 1007 1143 perpusilli
1022 1080 1144 1144 vitij
1167 1081 1230 1130 in
1250 1078 1362 1131 hac
1381 1079 1601 1142 lateret,
1624 1082 1928 1146 oportebat
1941 1089 2141 1135 tamen
2154 1098 2250 1135 me
2266 1098 2402 1135 ean-

201 1150 353 1211 dem,
384 1164 566 1214 quam
590 1149 708 1214 ipse
733 1149 1148 1214 praesupponit,
1178 1151 1474 1212 assumere,
1503 1166 1574 1203 eo
1601 1152 1761 1217 quod
1788 1153 2085 1205 ostendere
2110 1154 2402 1214 volebam,

199 1220 376 1286 ipfius
401 1219 749 1286 hypothefin
771 1235 876 1286 per
893 1227 1078 1273 totam
1099 1221 1366 1274 Cometae
1387 1222 1761 1275 durationem
1780 1239 1904 1276 non
1924 1225 2231 1289 aequaliter
2249 1225 2402 1277 suffi-

201 1307 347 1345 cere.
375 1292 654 1344 Radicem
678 1294 877 1356 itaque
902 1298 1176 1344 motuum
1200 1292 1275 1344 ab
1301 1293 1424 1357 ipso
1445 1294 1810 1347 constitutam
1837 1295 2085 1347 alterare
2110 1296 2259 1348 mihi
2279 1312 2403 1348 non

198 1363 377 1416 licuit.
404 1363 473 1416 In
493 1365 717 1415 caeteris
739 1363 841 1415 ubi
864 1363 1007 1415 dicis
1030 1366 1398 1428 aequationes
1418 1380 1456 1417 a
1474 1380 1571 1416 me
1591 1365 1930 1430 supputatas
1951 1366 2404 1419 Maesthlinianis

201 1443 256 1487 et
274 1437 390 1487 tuis
409 1450 535 1487 non
554 1434 876 1487 consentire
897 1434 1224 1487 discrimine
1246 1435 1380 1488 satis
1404 1437 1674 1497 evidenti,
1701 1437 1761 1489 id
1786 1440 1868 1489 ita
1892 1438 1995 1490 tibi
2020 1438 2225 1490 frustra
2243 1439 2400 1490 vide-

199 1513 310 1567 tur,
328 1506 471 1558 dum
484 1516 549 1558 tu
561 1521 728 1557 meos
742 1521 1041 1566 numeros,
1060 1521 1209 1571 quos
1224 1522 1332 1572 ego
1346 1506 1422 1559 ad
1435 1507 1524 1559 26.
1540 1507 1798 1574 Ianuarij
1815 1508 2136 1561 secundum
2152 1510 2404 1562 eandem

199 1576 548 1643 hypothefin
561 1577 763 1638 direxi,
782 1577 858 1629 ad
874 1577 960 1630 24.
977 1577 1334 1630 Novembris
1349 1578 1404 1642 (e
1420 1594 1540 1643 quo
1554 1578 1739 1631 solam
1753 1579 2058 1644 Epocham
2072 1580 2402 1633 MAESTH-

199 1649 364 1701 LINI
383 1655 687 1701 mutuatus
706 1648 850 1710 sum,
872 1663 1008 1700 cum
1027 1648 1157 1701 haec
1176 1648 1632 1702 fundamentum
1646 1650 1709 1702 fit
1723 1651 2089 1716 reliquorum
2105 1652 2402 1716 motuum)

152 1736 169 1754 τ
198 1735 510 1785 perperam
524 1715 546 1788 ΙΙ
560 1719 837 1785 applicas,
859 1719 1190 1773 differentia
1203 1720 1496 1774 incidente
1511 1722 1710 1786 quoad
1722 1728 1955 1787 tempus
1970 1723 2226 1775 duorum
2239 1739 2401 1776 men-

198 1791 362 1853 lium,
389 1807 509 1856 quo
534 1790 847 1844 intervallo
869 1791 1120 1844 Cometa
1138 1791 1242 1844 sua
1261 1794 1645 1858 progressione
1666 1794 1898 1846 easdem
1920 1794 2402 1859 prostaphaereses

198 1865 261 1915 in
279 1862 610 1916 excusanda
628 1869 825 1915 motus
843 1863 1246 1928 inaequalitate
1268 1864 1543 1917 exhibere
1563 1881 1948 1930 nequaquam
1967 1869 2170 1930 potuit.
2193 1866 2402 1931 Relege

197 1932 400 1987 saltem
428 1950 516 1995 ea,
550 1949 686 1999 quae
714 1949 842 1999 pag.
872 1934 977 1988 275
1008 1942 1063 1987 et
1091 1935 1318 1999 aliquot
1345 1935 1734 2000 sequentibuS,
1767 1937 1869 1989 ubi
1898 1936 2402 1989 Maefthlinianam

198 2005 545 2071 hypothefin
559 2020 632 2057 ex
645 2005 768 2070 ipsa
781 2005 1272 2058 demonstratione
1287 2013 1342 2058 et
1355 2010 1619 2059 numeris
1634 2011 1928 2068 examino,
1949 2008 2155 2072 scripta
2172 2008 2400 2073 reliqui,

197 2077 421 2130 videbis
440 2093 537 2129 me
558 2077 634 2129 ad
652 2077 738 2129 26.
754 2077 911 2130 diem
925 2077 1185 2142 Ianuarij
1209 2081 1414 2130 omnia
1433 2078 1729 2143 adaptare,
1751 2085 1814 2131 ut
1834 2079 2211 2139 ostenderem,
2233 2082 2295 2131 in
2314 2080 2400 2131 ul-

197 2150 342 2200 tima
366 2147 471 2200 l'ua
496 2150 864 2213 apparitione
886 2148 1154 2201 Cometae
1179 2148 1378 2201 locum
1398 2150 1471 2202 ab
1492 2149 1668 2214 ipfius
1693 2149 1998 2215 hypothefi
2023 2153 2277 2202 nimium
2297 2151 2400 2203 dis·

199 2219 460 2284 crepasse.
482 2219 907 2272 Maesthliniani
920 2235 1062 2272 vero
1083 2227 1138 2272 et
1157 2223 1242 2272 tui
1257 2236 1407 2285 quos
1421 2221 1664 2273 adducis
1678 2224 1912 2274 numeri
1926 2221 2011 2273 24.
2028 2222 2400 2282 NovembriS,

199 2306 319 2355 quo
332 2291 425 2343 die
436 2290 986 2344 MAESTHLINUS
1000 2294 1259 2356 primum
1272 2295 1335 2343 in
1349 2291 1461 2344 hac
1472 2292 1805 2357 Pragmatia
1817 2292 1952 2345 usus
1968 2292 2059 2354 est,
2074 2292 2400 2357 respiciunt.

199 2361 417 2415 Sumus
436 2364 636 2426 itaque
655 2364 719 2414 in
738 2362 973 2414 diverfis
992 2365 1273 2423 terminiS,
1295 2369 1359 2415 ut
1376 2366 1594 2415 mirum
1612 2379 1736 2416 non
1752 2363 1831 2425 fit,
1852 2366 2107 2416 invicem
2120 2380 2244 2415 non
2258 2380 2399 2428 qua-

199 2433 369 2485 drare
395 2448 693 2485 numeros,
724 2434 804 2484 At
828 2432 870 2484 fi
896 2433 1210 2486 ostenderis
1235 2449 1332 2485 me
1358 2434 1434 2486 ad
1462 2450 1600 2486 eum
1625 2434 1814 2499 ipsum
1840 2435 2013 2494 diem,
2044 2438 2139 2487 cui
2165 2435 2400 2487 Maesth-

198 2503 489 2556 linianam
517 2503 866 2570 hypothefin
894 2504 1168 2569 applicui,
1198 2505 1423 2570 aliquid
1452 2508 1515 2557 in
1540 2508 1688 2557 meis
1717 2509 1980 2558 numeris
2005 2508 2126 2572 vitij
2160 2509 2399 2558 commi-

198 2575 327 2636 fisse,
354 2577 558 2640 utique
583 2591 691 2641 pro
716 2581 820 2627 tua
843 2575 1248 2628 admonitione
1268 2583 1464 2642 gratus
1486 2592 1603 2629 ero,
1632 2577 1735 2630 Sin
1754 2593 1896 2629 vero
1916 2577 2067 2628 nihil
2086 2580 2399 2639 inveneriS‚

198 2645 329 2699 haec
353 2661 599 2698 monere
624 2646 1128 2711 supervacaneum
1155 2650 1276 2700 erit.
1305 2648 1419 2700 Sed
1438 2648 1609 2700 facile
1628 2649 1731 2700 tibi
1750 2664 1854 2713 per
1874 2649 2138 2713 aliquam
2159 2649 2398 2701 oscitan-

196 2720 343 2770 tiam
356 2719 507 2770 inter
520 2717 669 2770 alias
682 2717 830 2770 forte
845 2733 1015 2771 curas
1032 2719 1092 2771 id
1109 2722 1444 2785 contingere
1463 2722 1667 2784 potuit,
1689 2727 1753 2772 ut
1772 2736 1896 2772 non
1916 2720 2400 2772 animadverteris

198 2789 274 2842 ad
294 2788 550 2841 diversos
576 2789 699 2842 dies
726 2792 1218 2851 numerationem,
1247 2806 1429 2855 quam
1455 2790 1700 2851 conferS‚
1727 2790 1945 2843 referri.
1973 2791 2111 2856 Eg0,
2140 2794 2241 2855 qui
2267 2791 2399 2843 satis

198 2859 346 2912 mihi
375 2860 638 2912 conscius
666 2860 809 2922 sum,
839 2863 1166 2913 maximam
1194 2864 1258 2913 in
1287 2861 1676 2914 calculatione
1706 2868 1831 2914 tum
1860 2862 1962 2914 ista
1988 2868 2114 2914 tum
2145 2877 2232 2923 ea,
2264 2878 2399 2926 quae

196 2937 319 2984 toto
345 2931 494 2983 libro
522 2934 868 2993 continetur,
896 2931 1221 2984 adhibitam
1249 2933 1351 2985 esse
1379 2932 1756 2998 diligentiam,
1785 2939 1839 2985 et
1866 2936 2069 2985 omnia
2093 2933 2182 2985 bis
2201 2933 2295 2997 vel
2314 2939 2400 2986 ter

197 3005 442 3067 repetita
460 3002 779 3068 seduloque
799 3003 1002 3064 revisa,
1029 3003 1161 3055 satis
1181 3006 1383 3056 mirari
1403 3020 1528 3056 non
1546 3007 1730 3069 potui,
1752 3020 1888 3056 cum
1907 3007 2166 3070 primum
2184 3010 2316 3056 tuas
2337 3007 2399 3057 in

198 3088 410 3135 campo
429 3073 684 3139 legerem
703 3074 900 3127 literas
922 3075 1110 3139 (eram
1130 3078 1306 3135 enim,
1328 3075 1569 3140 quando
1590 3075 1721 3128 illas
1741 3079 2083 3140 acciperem,
2106 3091 2242 3128 cum
2256 3077 2398 3128 duo-

196 3145 307 3197 bus
322 3143 641 3197 Germam‘s
656 3145 950 3206 StudiofiS,
972 3148 1074 3211 qui
1091 3162 1187 3198 me
1205 3147 1412 3198 eodem
1428 3153 1692 3211 tempore
1707 3162 1738 3198 e
1755 3147 2085 3200 Germania
2097 3150 2399 3199 venientes

197 3215 529 3277 inviserant,
561 3215 872 3281 spatiatum
901 3219 1087 3270 animi
1117 3218 1304 3270 caussa
1333 3217 1597 3282 egressus)
1628 3234 1882 3283 cumque
1911 3221 2062 3270 inter
2091 3218 2398 3270 ambulan-

198 3286 342 3339 dum
366 3286 442 3338 ad
469 3286 691 3339 calcem
715 3295 1064 3353 perventum
1091 3295 1231 3348 erat,
1258 3288 1360 3340 ubi
1385 3289 1563 3340 huius
1589 3305 1978 3341 numerorum
1999 3289 2398 3353 discrepantiae

196 3359 562 3411 mentionem
581 3358 740 3420 faciS,
760 3359 1149 3413 mirabundus
1169 3375 1265 3412 me
1286 3359 1361 3412 ad
1382 3358 1562 3413 dic'tos
1577 3360 1873 3413 Studiosos
1889 3363 2165 3422 converti,
2187 3364 2249 3412 in
2268 3360 2398 3483 hriec

339 3439 408 3476 27·
2218 3446 2321 3483 ver
2362 3447 2400 3483 a
