2632 4022
351 282 654 335 TYCHO
681 282 803 334 AD
831 282 1008 335 IOH.
1037 281 1663 334 METELLANUM
1690 282 1753 333 19
1779 281 1979 334 AUG.
2009 282 2155 333 1592
2270 282 2361 332 341

162 425 636 490 redargutionem
657 424 978 489 depromat,
1006 430 1182 489 atque
1203 424 1445 476 demum
1464 423 1677 475 melius
1703 422 2007 488 perspedlis
2034 426 2121 489 ijs,
2149 424 2363 488 quibus

161 496 465 555 seducitur,
487 495 936 556 deviationibuS,
958 498 1020 547 in
1039 498 1298 548 veritatis
1319 495 1584 547 semitam
1605 494 1807 559 (modo
1827 495 1886 546 id
1906 494 2034 547 fieri
2055 494 2255 559 queat)
2277 511 2361 546 re-

161 573 435 620 vertatur.

233 638 386 702 Quae
398 638 531 690 licet
540 641 621 690 ita
631 637 686 690 se
697 637 971 698 habeant,
985 644 1040 690 et
1051 637 1404 690 CRAIGUS
1415 639 1478 689 in
1489 637 1698 689 ultimo
1708 637 1812 690 suo
1823 637 2029 702 scripto
2042 653 2164 689 non
2175 637 2363 689 solum

91 728 112 762 5
161 712 436 770 veritatis,
457 709 552 761 sed
568 715 623 761 et
635 709 931 761 modestiae
946 709 1159 761 limites
1173 707 1558 762 multifariam
1570 708 1913 769 transilierit,
1934 724 2266 773 parumque
2287 709 2361 761 ob

160 780 637 833 benevolentiam
649 783 713 832 in
726 779 829 832 illo
841 780 1118 840 amand0‚
1134 780 1392 846 Regique
1404 786 1460 832 et
1469 780 1572 832 tibi
1583 795 1722 832 eum
1734 780 2224 840 commendand0‚
2240 796 2364 832 non

160 855 447 918 gravatim
468 867 505 904 a
523 867 619 903 me
639 851 967 916 praestitam,
988 854 1134 917 grati
1153 852 1387 903 vicissim
1407 854 1592 903 animi
1612 851 1892 903 retulerit:
1914 858 2115 903 tamen
2134 858 2363 903 tantum

161 923 314 976 abest
327 930 390 975 ut
404 922 507 988 ipfi
518 923 593 975 ob
604 923 664 975 id
674 922 831 975 male
843 925 1096 987 cupiam,
1112 925 1258 987 quin
1271 922 1444 988 longe
1458 925 1654 987 potius
1669 925 2024 983 etiamnunc,
2040 925 2161 974 imo
2175 923 2362 974 multo

160 995 293 1060 plus
314 1009 496 1059 quam
522 1000 699 1046 antea
718 993 821 1046 tibi
841 994 1324 1046 commendatum
1343 993 1538 1054 velim,
1567 1009 1686 1059 quo
1712 1000 1815 1046 tua
1841 992 2182 1046 auctoritate
2204 1001 2258 1046 et
2278 997 2363 1045 in-

71 1083 113 1118 ιο
161 1067 491 1119 tercessione
511 1065 669 1118 illius
690 1080 783 1117 res
801 1065 1110 1118 familiaris
1130 1070 1415 1131 augeatur
1436 1071 1491 1117 et
1509 1064 1756 1117 subfidia
1774 1065 1877 1130 ipfi
1897 1065 2216 1118 studiorum
2232 1066 2363 1117 Ma-

48 1146 130 1191 34r
160 1133 662 1205 themati-ucorum
680 1136 913 1202 plenius
933 1135 1255 1202 rectiusque
1268 1135 1755 1188 instituendorum
1768 1135 1986 1201 largius
1999 1136 2363 1201 suppediten-

160 1216 270 1270 tur,
291 1215 355 1261 ut
374 1209 433 1261 id
454 1208 614 1274 quod
634 1208 860 1273 aliquot
880 1211 1001 1261 iam
1021 1211 1196 1260 annis
1215 1207 1474 1260 theorice
1495 1207 1924 1272 contemplatus
1946 1207 2036 1269 est,
2058 1223 2162 1272 per
2181 1208 2364 1272 ipsam

161 1282 640 1334 exercitationem
653 1282 716 1332 in
729 1279 838 1332 usu
851 1279 1176 1344 explorare,
1185 1281 1610 1343 veritatemque
1625 1278 1904 1331 latentem
1918 1279 2039 1344 ipsa
2050 1279 2224 1331 Praxi
2236 1294 2363 1331 eru-

161 1368 258 1405 ere
286 1351 656 1404 commodius
675 1351 886 1404 valeat.
915 1351 1307 1416 Quaecunque
1334 1352 1494 1402 enim
1519 1365 1623 1415 per
1650 1350 2090 1415 Experientiam
2112 1353 2175 1402 in
2194 1350 2363 1415 Prag-

71 1441 112 1476 1⁵
159 1426 407 1476 matiam
432 1429 622 1476 ratam
647 1422 941 1475 transferri
966 1422 1234 1482 debeant,
1260 1421 1435 1487 longe
1459 1423 1717 1474 maiores
1742 1424 2048 1486 requirunt
2073 1421 2364 1486 impensas

162 1501 216 1547 et
243 1494 565 1548 studiorum
593 1509 824 1554 nervo&
858 1509 1042 1559 quam
1070 1509 1206 1558 quae
1236 1492 1420 1545 otiosa
1448 1493 1709 1557 quadam
1737 1492 2131 1558 speculatione
2162 1495 2364 1545 animo

161 1569 587 1631 concipiuntur.
618 1565 772 1629 Quae
802 1581 939 1618 cum
967 1564 1114 1617 forte
1144 1564 1283 1617 huic
1310 1563 1618 1617 CRAIGO
1645 1580 1770 1616 non
1798 1567 1880 1616 ita
1905 1564 2141 1616 abunde
2169 1564 2365 1628 (prout

160 1654 253 1690 res
278 1637 401 1703 ipsa
425 1636 695 1702 postulat)
722 1636 1044 1702 suppetant,
1072 1637 1223 1689 adeo
1249 1642 1313 1688 ut
1339 1651 1415 1688 ne
1442 1635 1683 1701 quidem
1711 1651 1782 1688 ea
1809 1651 1944 1700 quae
1972 1636 2115 1687 olim
2134 1638 2197 1687 in
2219 1635 2364 1688 Ger-

159 1712 365 1762 mania
378 1709 764 1761 Instrumenta
778 1708 938 1773 (quae
951 1708 1085 1761 satis
1102 1715 1315 1773 paratu
1327 1707 1471 1759 vilia
1483 1706 1640 1760 fuisse
1655 1723 1779 1760 non
1793 1706 2019 1770 dubito)
2037 1707 2093 1759 se
2109 1706 2364 1759 habuisse

66 1798 113 1833 20
162 1780 350 1842 iaciat,
380 1795 540 1833 nunc
569 1780 644 1833 ad
673 1796 888 1832 manus
914 1779 1000 1832 illi
1025 1779 1147 1841 sint,
1177 1779 1312 1831 ideo
1339 1779 1411 1832 de
1437 1779 1612 1831 rebus
1638 1778 1770 1843 ipsis
1797 1781 2078 1843 opinione
2105 1778 2364 1843 quadam

159 1855 399 1918 propria
417 1851 514 1904 vel
538 1850 881 1904 auctoritate
908 1851 1165 1903 aliorum
1190 1850 1396 1903 salsam
1420 1849 1852 1915 persuasionem
1875 1850 2188 1902 audentius
2209 1849 2367 1901 fovet

161 1931 216 1976 et
236 1924 571 1977 abortivum
591 1925 807 1989 ingenij
830 1922 1037 1975 faetum
1057 1922 1328 1974 excludit.
1356 1922 1550 1974 Rebus
1575 1924 1774 1986 itaque
1798 1921 2110 1981 iuvanduS,
2139 1937 2258 1986 quo
2279 1937 2364 1972 re-

161 2011 294 2048 rum
319 1994 611 2048 medullas
638 1997 968 2060 promptius
993 1996 1202 2058 capiat,
1231 2008 1341 2046 nec
1368 1993 1646 2046 inanibus
1672 1993 1874 2045 saltem
1899 1993 2216 2045 verborum
2243 2009 2363 2044 cor-

160 2067 368 2119 ticibus
393 2066 466 2128 se,
493 2066 642 2119 alias
668 2066 915 2126 nudum,
940 2065 1235 2131 oppalliet.
1262 2065 1460 2130 Atque
1480 2064 1610 2116 haec
1630 2064 1702 2116 de
1723 2064 1825 2116 illo
1845 2064 1979 2116 satis
1999 2071 2101 2116 aut
2121 2063 2268 2116 forte
2289 2064 2365 2116 ad

67 2155 112 2190 25
160 2145 216 2191 te
237 2138 368 2204 alijs
389 2137 698 2191 distentum
716 2139 919 2190 nimia.
947 2137 1070 2202 Ego
1095 2136 1486 2189 nihilominus
1505 2142 1570 2188 ut
1589 2135 1719 2188 haec
1740 2138 1944 2187 omnia
1965 2135 2251 2188 benevole
2272 2151 2364 2187 ac-

162 2213 344 2275 cipias
365 2216 420 2262 et
440 2209 599 2275 quod
619 2209 765 2262 iusto
783 2208 917 2274 plus
939 2208 1221 2274 Craigicis
1241 2207 1412 2268 hisce,
1432 2206 1581 2259 mihi
1599 2206 1737 2260 sane
1757 2223 1987 2272 parum,
2014 2206 2117 2258 tibi
2139 2206 2363 2271 (quem-

162 2281 486 2334 admodum
507 2279 790 2344 existimo)
811 2280 985 2346 longe
1004 2282 1205 2332 minus
1223 2282 1399 2345 gratis
1418 2294 1654 2331 mecum
1670 2281 1844 2331 motis
1863 2278 2232 2343 controverfij
2239 2294 2281 2338 S,
2302 2280 2365 2329 in

161 2359 332 2406 tuum
350 2352 557 2413 finum,
583 2352 862 2405 suadente
882 2352 943 2404 id
962 2353 1222 2404 amicitia
1240 2350 1449 2411 nostra,
1476 2350 1841 2414 deponendis
1867 2352 2163 2410 immorer,
2190 2356 2364 2414 teque

161 2424 529 2490 gravioribus
543 2423 786 2489 Reipub.
802 2422 1276 2476 administrandae
1290 2424 1510 2488 munijs
1527 2424 1746 2473 intente
1762 2427 2114 2486 occupatum
2129 2422 2363 2480 diutiuS,

67 2512 114 2548 30
163 2511 345 2560 quam
373 2511 481 2560 par
510 2495 600 2557 est,
631 2496 944 2556 detineam,
974 2497 1037 2547 in
1065 2496 1356 2559 potiorem
1385 2499 1612 2559 partem
1640 2508 1748 2557 pro
1776 2499 1879 2545 tuo
1906 2492 2161 2545 candore
2190 2494 2363 2544 inter-

85 2571 113 2614 ἢ·
162 2570 423 2631 preteris,
448 2573 503 2619 te
531 2569 709 2619 etiam
729 2573 906 2631 atque
927 2569 1105 2619 etiam
1124 2571 1395 2631 rogatum
1414 2564 1625 2618 habe0.
1648 2563 1811 2624 Vale,
1839 2570 1894 2616 et
1919 2566 2239 2616 amicitiam
2260 2579 2363 2615 no-

162 2638 334 2691 stram
359 2654 463 2704 per
484 2638 682 2691 literas
702 2641 1050 2690 continuare
1069 2653 1194 2690 non
1213 2638 1543 2689 intermitte.
1572 2636 1694 2701 Ego
1714 2636 1947 2688 vicissim
1967 2651 2076 2687 nec
2096 2634 2365 2687 locorum

162 2726 271 2762 nec
296 2716 633 2775 temporum
656 2712 876 2762 iniuria
894 2712 1115 2770 vincar,
1143 2724 1262 2773 quo
1281 2710 1481 2760 minus
1500 2710 1585 2759 tui
1604 2709 1957 2759 memoriam
1976 2706 2220 2758 firmiter
2239 2709 2363 2758 ani-

162 2797 263 2834 mo
283 2784 550 2842 retinere,
572 2787 628 2834 et
647 2781 784 2834 data
801 2780 1102 2833 occasione
1117 2779 1381 2844 Epistolis
1396 2779 1471 2831 ad
1484 2786 1540 2831 te
1553 2778 1866 2831 scribendis
1888 2778 2046 2842 (cum
2060 2777 2228 2830 aliter
2241 2793 2365 2829 non

68 2869 114 2904 35
164 2852 353 2916 detur)
383 2855 446 2905 in
474 2859 734 2904 mentem
763 2867 1058 2911 revocare,
1087 2850 1331 2903 studiose
1361 2853 1565 2902 enitar.
1595 2850 1814 2902 Iterum
1844 2865 2026 2914 quam
2054 2848 2363 2901 felicissime

162 2924 313 2977 vale.
335 2924 509 2976 Datae
530 2924 891 2988 Uraniburgi
910 2924 982 2975 19.
1004 2922 1247 2988 Augusti
1266 2922 1448 2974 Anno
1468 2921 1612 2975 1592.

1320 3016 1567 3082 Magnis.
1588 3023 1707 3068 tuae
1727 3015 2006 3068 studiofiss.

1709 3086 1949 3140 TYcHo
1976 3087 2220 3139 BRAHE.

2076 3418 2144 3483 [E
2166 3419 2362 3471 codice
