2632 4022
90 935 143 978 21·

100 1086 143 1121 10

100 1442 141 1477 15

97 2942 143 2978 35

192 284 496 338 TYCHO
518 285 639 337 AD
668 285 897 338 OLIG.
926 284 1751 340 ROSENCRANTZIUM
1777 288 1852 340 22
1879 288 2052 340 IAN.
2075 289 2221 341 1596
2294 290 2398 342 375

192 426 536 480 adiumento
567 433 621 479 et
649 426 895 480 subfidio
924 427 1206 489 futurum,
1236 435 1300 481 ut
1329 431 1534 481 omnia
1559 429 1635 482 ad
1661 429 1887 482 iustitiae
1917 446 2193 483 normam
2223 447 2399 496 aequa

191 497 421 551 bilance
447 498 829 559 deducantur,
860 514 980 564 quo
1008 514 1095 560 ea,
1126 515 1262 564 quae
1288 499 1436 552 mihi
1462 516 1566 566 per
1594 501 2023 554 inverecundas
2051 502 2397 564 calumniaS‚

192 569 347 621 ultra
371 585 644 621 annuum
669 576 918 635 tempuS,
946 586 1066 636 quo
1092 573 1155 623 in
1180 570 1273 623 his
1301 574 1555 624 conticui
1583 579 1638 624 et
1660 587 1756 624 me
1777 588 1815 625 a
1833 573 2240 638 respondendo
2262 590 2398 627 con·

190 642 356 701 tinui‚
371 639 510 692 hinc
524 641 661 693 inde
675 641 902 706 aspersa
914 641 1060 702 sunt,
1076 658 1235 694 nunc
1248 643 1488 695 tandem
1499 643 1867 709 redarguam,
1881 650 1935 697 et
1946 644 2171 697 famam
2182 661 2396 706 meam,

192 727 312 776 qua
340 711 491 764 nihil
515 714 817 777 antiquius
844 714 947 764 esse
974 713 1159 773 debet,
1190 716 1602 767 intemeratam
1629 715 1982 768 conservem.
2014 716 2215 779 Quare
2243 724 2298 769 et
2324 723 2396 777 te,

190 785 274 835 mi
295 782 655 843 OLIGERE‚
682 799 787 848 per
813 783 1373 850 consangvinitatem
1400 792 1454 837 et
1480 788 1752 839 intimam
1779 789 2100 839 amicitiam
2125 788 2397 848 nostram,

191 853 405 919 quibus
429 855 668 919 possum,
694 854 904 915 modiS,
933 855 1277 908 obtestatum
1301 856 1457 918 v010‚
1486 864 1777 922 quantum
1802 861 1865 910 in
1890 865 1946 910 te
1974 858 2049 910 est
2075 858 2174 923 (est
2197 866 2398 911 autem

192 925 741 990 quamplurimum),
759 926 919 991 apud
933 921 955 995 ΙΙ
970 933 1287 992 utrumque
1301 934 1472 980 tuum
1485 928 1938 982 laudatissimum
1955 938 2262 995 parentem
2276 930 2397 982 effi-

191 1012 321 1050 cere
341 996 504 1057 veIiS,
531 1003 595 1049 ut
621 996 769 1049 nihil
797 1000 1164 1059 interveniat,
1193 999 1353 1064 quod
1380 1000 1584 1052 caussae
1609 999 1789 1053 huius
1814 999 2146 1054 tractationi
2166 1009 2221 1054 et
2242 1017 2397 1054 com-

190 1071 410 1134 petenti
429 1069 904 1121 determinationi
925 1069 1220 1122 obstaculo
1242 1070 1455 1123 existat.
1478 1070 1656 1134 Quod
1675 1079 1730 1124 et
1746 1072 1880 1124 illos
1898 1072 2001 1125 sua
2017 1072 2217 1138 sponte
2234 1073 2398 1126 haud

189 1142 477 1205 gravatim
497 1137 769 1201 facturo&
792 1146 848 1193 et
866 1146 921 1193 te
942 1156 1067 1193 non
1085 1143 1268 1193 invite
1289 1142 1604 1203 enisurum,
1626 1146 1874 1195 omnino
1891 1143 2040 1196 mihi
2057 1144 2396 1209 persuadeo.

191 1210 418 1275 Quanti
446 1214 606 1263 enim
635 1218 690 1264 te
719 1211 947 1277 semper
974 1211 1213 1265 fecerim
1242 1212 1439 1278 (prout
1468 1216 1647 1266 etiam
1675 1221 1935 1267 meretur
1963 1222 2066 1267 tua
2094 1215 2399 1281 singularis

191 1283 458 1343 eruditi0‚
479 1285 609 1348 pari
622 1285 834 1336 virtute
850 1290 904 1335 et
919 1284 1175 1336 candore
1190 1284 1498 1348 exornata)
1519 1291 1582 1337 tu
1602 1285 1841 1350 ipsemet
1861 1302 1933 1338 ex
1954 1293 2118 1351 parte
2136 1287 2398 1339 conscius

191 1369 270 1414 eS,
292 1361 347 1406 et
366 1354 485 1420 aliJ',
507 1357 610 1419 qui
629 1370 726 1407 me
745 1354 1033 1420 praeclara
1052 1355 1212 1408 dona
1230 1371 1355 1420 prae
1376 1356 1617 1421 reliquis
1635 1357 1982 1410 nostratibus
1997 1373 2209 1423 genere
2227 1358 2399 1411 claris

189 1425 292 1478 tibi
318 1425 738 1490 praedicantem
765 1426 1136 1487 audiverunt,
1163 1427 1430 1479 testatum
1455 1427 1647 1480 facere
1673 1429 1913 1493 possunt.
1942 1428 2055 1481 Sed
2080 1429 2242 1482 malo
2268 1430 2399 1482 haec

191 1512 328 1549 cum
347 1496 479 1563 alijs
500 1497 572 1549 de
592 1504 664 1557 te,
692 1513 876 1562 quam
902 1498 1062 1563 apud
1087 1504 1159 1550 te.
1181 1497 1346 1558 Vale,
1374 1504 1430 1551 et
1455 1501 1777 1552 amicitiam
1803 1500 2074 1561 nostram,
2103 1501 2263 1565 quod
2290 1517 2398 1566 ego

191 1568 516 1621 constanter
535 1566 796 1621 facturus
814 1568 958 1630 sum,
979 1568 1268 1623 illibatam
1283 1569 1578 1623 conserva.
1601 1570 1916 1623 Dabantur
1930 1571 2291 1638 Uraniburgi
2304 1572 2398 1624 die

190 1639 275 1692 22.
298 1639 557 1706 Ianuarij
581 1641 763 1693 Anno
784 1641 929 1694 1596.
1558 1676 1674 1729 Tui
1694 1679 2114 1730 amantissimus

1740 1749 1980 1803 TYCHO
2007 1750 2253 1834 ΒΚΑῌΕ,

1768 1836 1957 1874 manu
1975 1837 2231 1887 propria.

192 1935 266 1981 [Ex
287 1935 530 1982 apographo
550 1934 595 1971 in
614 1934 796 1973 Archivo
818 1935 948 1982 Regni
969 1934 1138 1972 Daniae:
1161 1935 1468 1982 Diplomatario
1490 1936 1762 1982 Langebekii]

758 2017 1288 2092 TYCHONI
1338 2018 1827 2093 BRAHEO.

438 2190 459 2217 s
607 2172 613 2180 »
666 2139 1007 2193 ALUTEM
1032 2146 1087 2192 et
1110 2138 1322 2192 officia.
1348 2139 1548 2204 Quam
1571 2140 1797 2205 semper
1816 2140 2012 2193 dedito
2033 2144 2236 2193 animo
2256 2142 2397 2194 inid

416 2268 428 2285 Υ
462 2218 465 2220 ’
514 2214 534 2234 ³
576 2217 619 2265 css
666 2211 1036 2263 incubuerim
1056 2213 1246 2272 unice,
1272 2210 1572 2264 Generose
1592 2211 1891 2272 TYCHO,
1920 2213 2080 2277 quod
2105 2214 2396 2265 necessitu-

667 2282 868 2334 dinem
895 2297 1045 2344 eam,
1077 2298 1259 2348 quam
1284 2285 1513 2348 generis
1542 2289 1596 2335 et
1620 2283 1915 2349 sangvinis
1940 2286 2091 2336 inter
2117 2300 2227 2336 nos
2253 2287 2396 2336 inte-

460 2366 470 2373 *
566 2377 574 2391 x
666 2359 956 2406 metatam
985 2355 1088 2406 esse
1118 2354 1304 2406 voluit
1333 2357 1693 2416 communic,
1724 2355 1858 2420 ipse,
1890 2363 2181 2419 quantum
2209 2358 2273 2407 in
2300 2371 2397 2408 me

396 2426 486 2500 (ὼς
521 2408 626 2491 Jw)
666 2425 745 2486 fit,
775 2441 899 2478 non
926 2424 951 2452 ¹⁸¹
978 2431 1042 2478 tu
1070 2432 1235 2478 tenes
1263 2425 1460 2487 mod0,
1490 2426 1586 2478 sed
1615 2432 1670 2478 et
1700 2426 2132 2487 confirmarem,
2162 2427 2295 2479 licet
2324 2443 2397 2479 ex

267 2491 284 2503 ‘'
334 2508 374 2527 λ’·
410 2503 413 2506 “
469 2486 586 2526 “9’“
615 2495 629 2505 “
665 2503 805 2549 voto
825 2497 908 2549 sat
927 2497 1227 2549 evidenter
1251 2497 1500 2562 prodere
1525 2496 1643 2549 huc
1662 2497 1844 2562 usque
1864 2501 2251 2562 nequiverim,
2279 2498 2397 2563 ipse

191 2574 408 2627 tamen,
431 2570 576 2632 quin
593 2583 666 2620 ex
683 2570 923 2633 proprio
942 2568 1198 2621 candore
1215 2574 1270 2621 te
1289 2568 1673 2621 aemulantem
1689 2575 1939 2633 reputes,
1961 2569 2162 2621 nullus
2176 2570 2395 2622 dubito.

192 2638 356 2703 Quin
370 2645 426 2691 et
440 2641 524 2691 eis
537 2654 633 2691 me
647 2639 795 2692 sorte
811 2646 866 2692 et
880 2639 1054 2692 censu
1068 2647 1174 2692 ate
1187 2639 1405 2692 fincere
1419 2639 1639 2700 ascribi,
1659 2656 1808 2705 quos
1827 2641 2218 2693 eruditionem
2232 2647 2397 2693 tuam

191 2726 260 2763 ac
279 2709 626 2775 sapientiam
647 2710 926 2763 illustrem
945 2710 1330 2775 suspicientes,
1357 2710 1474 2775 ipse
1501 2711 1809 2764 redamare
1829 2727 1952 2763 non
1972 2715 2200 2777 nequiS,
2227 2713 2395 2764 indu—

190 2782 322 2835 bius
349 2780 600 2841 confido,
629 2788 693 2834 ut
717 2782 988 2847 adeoque
1012 2782 1320 2847 operosam
1340 2785 1526 2835 animi
1545 2785 1608 2834 in
1627 2789 1682 2835 te
1702 2785 1820 2834 mei
1841 2782 2397 2848 depraedicationem

193 2868 330 2919 erga
349 2859 404 2905 te
425 2853 732 2913 accersere,
754 2869 862 2906 nec
879 2869 1078 2919 operae
1095 2869 1204 2906 nec
1219 2869 1378 2906 curae
1391 2856 1656 2918 precium
1671 2855 1774 2906 esse
1790 2854 2073 2906 censeam.
2096 2854 2200 2906 Nil
2213 2854 2396 2916 restat,

192 2924 298 2976 nifi
323 2930 387 2976 ut
412 2924 489 2977 ad
514 2926 880 2977 amicissimas
905 2933 1037 2977 tuas
1063 2925 1299 2985 litteras,
1328 2940 1511 2990 quam
1536 2925 1722 2978 debeo
1749 2931 1804 2977 et
1823 2927 1886 2977 in
1906 2925 2102 2978 officio
2129 2925 2395 2991 impofito

192 2997 458 3060 requiris,
485 2995 844 3048 declaratam
869 2995 1050 3049 fidem
1075 3011 1379 3061 reponam.
1408 2996 1609 3060 Quam
1628 2996 1669 3048 fl
1689 2999 1751 3048 in
1774 2996 1906 3062 alijs
1929 3012 2173 3062 operam
2199 2997 2395 3049 meam

191 3066 366 3132 ipfius
382 3066 869 3119 concernentibus
883 3067 1032 3120 alias
1046 3069 1222 3133 precij
1241 3067 1491 3120 alicuius
1506 3067 1719 3120 dehinc
1733 3070 1973 3132 putaris,
1986 3068 2138 3129 iube,
2151 3071 2394 3133 impera,

192 3152 407 3202 meque
425 3135 866 3190 addictissimum
882 3138 985 3191 tibi
1000 3154 1073 3191 ex
1086 3139 1194 3191 asse
1212 3138 1382 3199 habe,
1403 3136 1608 3192 macte.
1631 3139 1724 3191 De
1739 3139 1968 3204 reliquo
1985 3139 2075 3200 est,
2097 3140 2257 3204 quod
2270 3139 2396 3192 sub-

193 3224 490 3269 moneam,
518 3208 738 3261 litteras
757 3216 889 3262 tuas
909 3212 1140 3275 parenti
1160 3210 1456 3276 insignitas
1476 3210 1578 3275 ipfi
1598 3210 1851 3263 redditas
1870 3216 1998 3262 tum
2017 3211 2274 3272 demum,
2296 3211 2397 3263 ubi

129 3299 151 3318 v
195 3296 267 3332 ex
289 3280 511 3333 Senatu
530 3280 787 3346 redijBet‚
809 3284 912 3346 qui
933 3297 1005 3333 ex
1027 3280 1313 3334 Generofi
1334 3280 1725 3334 STENONIS
1745 3281 1938 3334 fratris
1957 3285 2043 3334 tui
2063 3278 2396 3351 rela-lltione

194 3351 430 3404 causam
449 3350 504 3403 se
526 3353 847 3417 cognovisse
867 3352 1078 3413 retulit,
1106 3359 1282 3418 atque
1302 3368 1410 3418 pro
1431 3367 1493 3404 re
1515 3352 1605 3413 est,
1634 3353 1793 3417 quod
1819 3368 2036 3419 rogem,
2060 3353 2396 3406 Generosus

194 3438 363 3475 meus
383 3425 626 3476 amicuS.
1355 3423 1722 3490 [OLIGERUS
1748 3424 2251 3490 ROSAECRANTZ.]
2286 3495 2394 3561 [Ex
