2644 4030
106 958 194 1001 99ν

344 309 646 362 TYCHO
673 308 795 361 AD
823 308 1304 362 HENRICUM
1332 308 1790 361 BRUCAEUM
1818 309 1849 360 4
1878 308 2077 361 NOV.
2106 308 2252 361 1588
2325 308 2417 361 157

218 451 363 503 dum
384 451 534 504 visos
557 467 708 517 vago
736 458 790 503 et
816 451 1152 504 inordinato
1179 449 1356 504 ductu
1383 450 1740 504 curriculum
1766 450 2073 510 absolvisse,
2101 452 2417 503 asseverare

219 538 342 574 non
368 522 723 583 dubitarunt,
750 522 932 574 veluti
958 529 1012 574 et
1039 522 1489 575 CORNELIUS
1514 522 1827 575 GEMMA
1848 528 1903 573 et
1921 521 2416 581 THADDAEUS‚

219 594 396 646 ambo
421 593 756 658 praenantes
783 593 1208 655 Mathematici,
1235 596 1299 645 in
1324 593 1438 645 hoc
1465 593 1675 646 eodem
1702 593 1952 645 Cometa
1982 593 2068 657 (ut
2094 592 2166 645 de
2193 595 2417 645 caeteris

219 680 377 716 nunc
398 681 522 717 non
542 664 757 728 dicam)
778 664 1199 717 inconfiderate
1219 665 1591 725 admiserunt,
1612 671 1675 716 ut
1694 667 1757 716 in
1776 663 1897 729 ipso
1918 664 2066 716 libro
2082 680 2118 716 a
2131 663 2302 716 nobis
2314 664 2418 716 suo

219 735 351 787 loco
377 736 682 788 indicatur.
705 736 883 788 Vides
910 739 1125 800 itaque,
1153 742 1207 788 et
1234 735 1381 788 alias
1407 736 1630 788 videbis
1656 736 1889 800 plenius
1911 751 1983 787 ex
2003 735 2279 788 omnibus
2304 735 2419 787 istis

218 806 580 867 ratiunculiS,
599 822 748 871 quas
767 807 1026 868 adduciS‚
1041 823 1164 859 non
1178 807 1355 872 sequi,
1371 808 1530 872 quod
1544 807 1814 867 intendiS‚
1831 806 2111 859 Cometas
2126 822 2157 858 e
2171 809 2419 859 materia

219 877 563 930 elementari
581 880 866 943 generari,
886 877 1001 930 five
1021 878 1193 943 supra
1212 878 1326 930 five
1347 878 1502 931 infra
1520 879 1770 931 Lunam.

291 949 606 1015 Subiungis
631 949 827 1014 postea
853 949 1048 1001 adhuc
1075 952 1253 1002 etiam
1273 945 1294 1017 ΙΙ
1314 952 1830 1002 inconvenientem
1855 949 2297 1010 haefitationem,
2323 948 2419 1001 vel

115 1035 121 1039 “
218 1022 413 1084 potius
434 1020 845 1087 Hypotheseos
866 1020 1073 1073 nostrae
1095 1023 1157 1072 in
1178 1021 1429 1073 Cometa
1449 1023 1592 1073 anni
1612 1022 1698 1082 77,
1726 1021 1798 1072 de
1819 1037 1939 1085 quo
1959 1020 2220 1073 liberine
2240 1020 2417 1073 trans-

129 1108 171 1143 10

129 1465 170 1499 15

126 2177 172 2211 25

84 2525 190 2568 100r

127 2889 174 2923 35

129 3243 175 3278 ⁴⁰

218 1092 411 1144 missus
431 1094 563 1157 agit,
584 1094 782 1144 minus
804 1092 1186 1144 deliberatam
1206 1091 1717 1157 improbationem.
1739 1092 2043 1144 Existimas
2064 1093 2224 1144 enim
2242 1107 2314 1145 ex
2329 1107 2417 1152 cO,

219 1163 379 1227 quod
400 1163 713 1215 Cometam
734 1166 887 1215 circa
907 1163 1106 1215 Solem
1126 1165 1354 1215 moveri
1372 1163 1635 1224 statuam,
1662 1166 1744 1215 ita
1762 1170 1826 1215 ut
1845 1163 2102 1215 sextante
2123 1162 2323 1215 circuli
2344 1163 2419 1215 ad

218 1233 514 1286 summum
542 1235 616 1289 ab
645 1234 748 1286 illo
778 1234 998 1300 digredi
1026 1237 1295 1298 potuerit,
1330 1233 1750 1287 consectarium
1780 1235 1899 1295 esse,
1930 1240 1994 1286 ut
2018 1233 2059 1285 fi
2086 1234 2327 1298 quando
2356 1236 2419 1285 in

218 1307 491 1370 proxima
515 1309 681 1358 terris
706 1306 792 1358 sui
815 1305 1015 1358 circuli
1040 1312 1204 1370 parte
1223 1305 1413 1366 fuerit,
1441 1305 1600 1370 quod
1620 1312 1760 1357 tunc
1778 1304 2026 1358 Terram
2045 1307 2419 1370 contingeret,

218 1376 502 1441 liquidem
530 1377 957 1429 semidiameter
985 1377 1306 1428 sextantem
1335 1376 1537 1428 circuli
1564 1376 1884 1437 subtendat,
1918 1382 1980 1428 ut
2012 1382 2169 1440 patet
2202 1392 2274 1428 ex
2307 1375 2418 1428 ele-

218 1450 432 1500 mentis
454 1448 832 1500 Geometriae.
854 1448 1078 1500 Verum
1103 1447 1200 1499 hic
1226 1447 1374 1499 mihi
1393 1448 1609 1500 videris
1629 1450 1806 1500 nimis
1827 1447 2132 1499 oscitanter
2151 1463 2277 1499 rem
2297 1462 2419 1499 om-

218 1534 358 1571 nem
379 1520 719 1584 expendisse,
741 1520 902 1572 Nam
921 1518 1053 1571 licet
1074 1519 1325 1572 Cometa
1345 1525 1624 1584 evagatus
1644 1519 1707 1570 fit
1726 1535 1763 1571 a
1783 1518 1918 1572 Sole
1940 1525 2139 1571 centro
2159 1518 2245 1570 sui
2265 1517 2422 1570 orbis

219 1590 289 1642 60
313 1591 575 1655 partibus
602 1590 804 1642 circuli
823 1593 1070 1642 maximi
1089 1593 1153 1642 in
1174 1590 1343 1651 coe10‚
1372 1590 1570 1655 quoad
1591 1590 1850 1642 nostrum
1871 1606 1902 1642 e
1922 1592 2088 1642 terris
2109 1587 2419 1654 aspectum,

219 1677 343 1714 non
362 1667 562 1714 tamen
582 1662 739 1714 orbis
758 1661 857 1713 ille
878 1664 1263 1727 imaginarius
1282 1668 1479 1714 tantus
1499 1661 1622 1722 fuit,
1647 1668 1711 1713 ut
1729 1661 1976 1713 Terram
1996 1663 2277 1726 attingere
2297 1660 2421 1713 ullo

218 1732 400 1785 modo
427 1735 697 1798 potuerit,
726 1735 849 1785 imo
875 1733 1084 1785 infima
1110 1735 1238 1785 eius
1262 1748 1399 1797 pars
1424 1732 1608 1785 ferme
1635 1733 1807 1798 triplo
1835 1732 2168 1785 Lunaribus
2193 1732 2422 1784 sedibus

219 1803 358 1856 hinc
378 1807 659 1856 remotior
679 1806 877 1856 extitit.
906 1804 970 1856 Id
991 1804 1151 1869 quod
1172 1820 1245 1856 ex
1264 1803 1490 1857 adiecta
1509 1804 1858 1870 figuratione
1878 1803 2132 1856 facilime
2158 1809 2331 1868 patet,
2359 1805 2422 1855 in

220 1891 339 1940 qua
359 1876 515 1928 orbis
535 1875 650 1936 ille,
673 1891 851 1940 quem
872 1876 1121 1928 Cometa
1142 1878 1296 1928 circa
1315 1875 1514 1928 Solem
1534 1875 1833 1940 descripfit,
1855 1875 2300 1939 repraesentatur
2318 1890 2422 1939 per

219 1947 474 2008 DBEG,
508 1949 676 1999 cuius
708 1954 975 1999 centrum
1008 1947 1059 1999 C
1091 1949 1256 1999 iuxta
1288 1946 1503 2007 Solem,
1536 1948 1592 1998 A
1621 1963 1762 1999 vero
1791 1946 1855 1998 fit
2139 1982 2167 2014 υ

219 2017 419 2079 Terra,
441 2020 504 2070 in
524 2034 644 2083 qua
662 2018 978 2078 versamur,
1001 2024 1056 2070 et
1076 2018 1234 2070 unde
1256 2018 1508 2071 coelestia
1527 2018 1853 2083 aspicimuS.

220 2089 494 2142 Maxima
520 2090 777 2155 digressio
800 2090 1068 2142 Cometae
1089 2105 1126 2141 a
1145 2089 1281 2142 Sole
1305 2089 1462 2141 estin
1482 2090 1546 2150 B,
1574 2089 1649 2141 ad
1676 2105 1856 2154 quem

220 2160 420 2212 locum
447 2161 738 2213 ducantur
762 2161 867 2213 CB
890 2167 945 2213 et
964 2161 1094 2219 AB,
1122 2167 1535 2212 concurrentes
1561 2163 1726 2212 iuxta
1751 2163 1854 2212 cir-

221 2231 338 2283 culi
352 2230 700 2284 contactum.
717 2231 807 2284 Est
819 2234 1019 2296 itaque
1033 2234 1096 2283 in
1108 2232 1402 2297 triangulo
1415 2233 1472 2283 A
1481 2233 1527 2284 Β
1538 2232 1588 2284 C
1603 2231 1855 2297 angulus
1897 2229 1921 2261 Ρ
2377 2228 2402 2259 ‘³

221 2302 297 2355 ad
311 2303 358 2354 Β
373 2301 561 2355 τεέὶιιε
581 2303 666 2366 (ut
680 2302 865 2366 nosti).
886 2303 1158 2368 Angulus
1171 2319 1314 2355 vero
1331 2303 1500 2355 (ΖΑΒ
1516 2304 1586 2355 60
1599 2305 1855 2367 partium
1930 2248 2142 2430 v

221 2376 386 2426 iuxta
398 2373 881 2426 observationem.
897 2374 1076 2426 Latus
1090 2389 1232 2426 vero
1247 2374 1357 2426 CA
1371 2374 1857 2439 praesupponatur
1948 2400 1962 2412 ·

221 2447 386 2497 iuxta
418 2444 951 2498 COPERNICUM
986 2445 1306 2497 secundum
1341 2445 1599 2497 mediam
1632 2445 1783 2498 Solis
1819 2461 1856 2496 a
2012 2441 2038 2474 Β
2081 2456 2147 2493 ἡ

221 2515 404 2568 Terra
415 2515 744 2569 distantiam
754 2511 1368 2584 semi-lldiametrorum
1378 2522 1549 2568 terrae
1561 2517 1692 2568 1142.
1704 2516 1854 2581 Ergo
2132 2508 2158 2540 Α

221 2590 284 2639 in
303 2587 597 2652 triangulo
617 2585 916 2640 reclilineo
937 2585 1394 2652 rectanguloque
1416 2587 1552 2639 dato
1576 2587 1778 2647 altere,
1805 2602 2047 2650 unoque
2073 2585 2270 2646 latere,
2298 2601 2422 2637 non

222 2658 584 2723 ignorabitur
612 2658 766 2710 latus
791 2658 900 2711 BC
926 2658 1493 2710 semidiametrorum
1517 2657 1716 2710 Terrae
1745 2658 1867 2717 988,
1898 2657 2056 2722 quod
2086 2655 2317 2720 aequale
2348 2656 2423 2708 est

220 2729 324 2794 ipfi
345 2729 468 2789 CE,
496 2744 632 2781 cum
658 2730 835 2782 ambo
861 2729 967 2781 fint
988 2745 1019 2781 e
1041 2736 1239 2781 centro
1261 2729 1519 2781 eiusdem
1539 2729 1755 2781 circuli.
1785 2729 2042 2792 Ideoque
2069 2727 2292 2780 sublato
2314 2728 2422 2780 CE

221 2800 541 2853 semidiam.
562 2800 762 2853 Terrae
783 2801 888 2853 988
910 2816 982 2853 ex
1004 2801 1118 2853 CA
1140 2800 1465 2852 earundem
1485 2800 1617 2860 1142,
1646 2806 1710 2852 ut
1732 2799 1912 2852 modo
1934 2798 2070 2859 dixi,
2097 2799 2423 2851 remanebit

223 2872 335 2923 EA
362 2871 559 2924 semid.
590 2872 699 2925 154.
731 2872 820 2924 Est
849 2878 1050 2924 autem
1079 2872 1190 2923 EA
1218 2874 1490 2935 proxima
1519 2871 1800 2932 distantia,
1831 2886 1951 2935 qua
1978 2870 2228 2922 Cometa
2256 2873 2422 2921 terris

222 2944 699 3008 appropinquare
720 2945 923 3008 potuit,
946 2942 1167 2995 etiamli
1185 2949 1370 2995 totam
1387 2942 1587 2994 circuli
1599 2942 1686 2994 sui
1699 2941 2096 3008 peripheriam
2111 2940 2422 3005 aliquoties

222 3013 552 3066 absolvisset.
582 3014 857 3079 Cumque
878 3015 1066 3066 Lunae
1092 3016 1364 3079 proxima
1390 3030 1426 3066 a
1452 3016 1618 3065 terris
1638 3015 1887 3065 remotio
1908 3028 1944 3065 a
1965 3012 2421 3065 COPERNICO

222 3100 346 3136 non
377 3087 861 3137 inconvenienter
891 3085 1172 3137 statuatur
1201 3084 1768 3136 semidiametrorum
1799 3083 1998 3136 Terrae
2034 3086 2301 3148 proxime
2336 3084 2421 3142 52,

223 3162 466 3220 apparet
493 3156 806 3208 Cometam
832 3155 1032 3208 Terrae
1058 3157 1318 3208 maxime
1345 3158 1919 3220 appropinquantem
1945 3143 2065 3206 fere
2091 3154 2264 3219 triplo
2291 3154 2423 3219 plus

223 3227 298 3279 ab
328 3241 401 3278 ea
428 3233 722 3278 remotum
749 3226 922 3287 fuisse,
953 3242 1135 3291 quam
1164 3226 1239 3278 est
1265 3227 1452 3279 Lunae
1478 3229 1750 3291 proxima
1778 3226 1853 3278 ad
1883 3226 2135 3278 eandem
2165 3227 2421 3285 accessio;

223 3298 400 3362 idque
439 3299 604 3349 iuxta
636 3297 1033 3362 Copemiceas
1070 3300 1344 3357 rationeS,
1385 3313 1520 3362 quae
1552 3297 1921 3350 Ptolemaicis
1960 3296 2197 3361 (quibus
2229 3296 2423 3348 adhuc

224 3368 396 3420 Luna
424 3368 595 3420 nobis
623 3371 863 3433 propior
892 3368 1107 3432 evadit)
1136 3371 1396 3420 veriores
1424 3368 1569 3421 funt.
1601 3368 1779 3432 Quod
1807 3368 1848 3420 fi
1879 3371 1941 3420 in
1969 3367 2246 3420 milliaria
2276 3367 2421 3449 Ger-

2189 3453 2423 3490 mamea
