2644 4030
265 299 370 350 240
797 293 1235 347 EPISTOLAE
1260 293 1932 347 ASTRONOMICAE

266 438 664 503 explorassem;
698 435 923 501 alioqui
950 439 1014 487 in
1042 435 1155 488 hac
1184 435 1502 500 quaestione
1531 435 1747 487 versari
1775 450 1899 487 non
1926 435 2081 488 libet.
2115 435 2277 488 Nam
2304 451 2463 489 nunc

266 512 443 561 etiam
461 514 613 572 peto,
636 514 698 558 ut
719 522 868 571 quos
881 509 945 559 in
959 507 1242 559 Numeris
1258 506 1524 559 Canonis
1538 506 1791 559 Sinuum
1806 521 2032 559 errores
2049 506 2227 572 longo
2240 506 2348 559 usu
2361 513 2464 560 tuo

265 581 623 645 cognoveriS‚
653 581 846 642 prima
871 577 1173 629 occafione
1199 593 1435 629 mecum
1462 580 1885 638 communices;
1915 593 2058 630 nam
2083 577 2254 630 nobis
2278 578 2464 643 fingu-

263 652 386 703 lare
408 650 690 714 quiddam
709 664 834 713 prae
853 649 1129 701 manibus
1150 649 1241 709 eft,
1261 651 1325 700 in
1345 664 1465 714 quo
1485 648 1844 713 perficiendo
1861 651 2159 714 ingentem
2177 664 2351 714 opem
2368 649 2465 701 hic

266 722 481 774 Canon
506 720 749 785 praestat,
777 720 935 783 fique
963 735 1125 771 error
1148 719 1376 780 suberit,
1403 720 1575 772 nobis
1602 735 1738 772 cum
1763 719 1968 772 fenore
1990 719 2462 785 suppeditabitur.
2513 737 2536 772 ⁵

265 793 373 844 Vel
392 795 464 857 ijs
485 792 649 843 essem
672 797 995 851 contentuS,
1018 794 1120 855 qui
1139 790 1269 843 sunt
1286 791 1440 843 infra
1454 792 1524 843 60
1539 791 1835 856 (quamvis
1850 797 1905 843 et
1918 791 2178 856 reliquos
2191 790 2465 855 ascribas)

264 879 406 915 nam
433 866 535 927 qui
560 862 733 926 supra
760 861 905 922 sunt,
935 862 1210 927 fingulari
1239 863 1592 927 compendio
1623 862 1898 915 exhibere
1926 868 2149 927 potero,
2181 862 2341 927 quod
2368 862 2467 914 hic

264 937 538 987 amicitiae
559 933 767 985 nostrae
789 933 962 985 causa
982 933 1306 986 ascribam.¹

334 1006 612 1057 Duorum
643 1020 892 1056 arcuum
922 1008 1194 1059 trientem
1226 1004 1650 1070 complentium
1681 1004 1838 1058 finus
1869 1003 2359 1057 semidifferentiae
2392 1003 2468 1056 est

265 1077 594 1129 differentia
619 1076 852 1127 finuum
879 1075 1229 1140 (eorundem
1255 1075 1545 1139 arcuum).
1576 1076 1703 1128 Sint
1728 1076 1848 1128 duo
1874 1090 2045 1128 arcus
2071 1075 2168 1136 ab,
2199 1075 2281 1128 ad
2310 1090 2465 1128 com·
2520 1092 2563 1127 10

263 1149 488 1214 plentes
507 1150 795 1208 trientem,
818 1150 960 1211 quia
978 1163 1053 1200 ac
1075 1147 1150 1199 est
1169 1148 1254 1208 60,
1277 1154 1331 1199 et
1351 1155 1575 1212 quanto
1590 1150 1786 1199 minor
1800 1147 1880 1200 ab
1895 1146 2088 1199 deficit
2101 1146 2176 1199 ab
2191 1162 2282 1207 ac,
2302 1152 2467 1199 tanto

832 1222 1025 1271 maior
1053 1219 1134 1271 ad
1162 1218 1410 1283 superat.
1443 1218 1795 1271 Differentia
1824 1218 1899 1270 est
1926 1218 2026 1277 bd,
2055 1218 2211 1270 finus
2241 1218 2464 1283 dimidij

834 1289 1179 1342 differentiae
1216 1290 1291 1342 est
1327 1290 1420 1350 ed,
1458 1305 1636 1354 quem
1671 1289 2001 1342 demonstro
2038 1289 2141 1341 esse
2173 1288 2469 1354 aequalem

833 1362 1009 1413 lineae
1036 1362 1130 1427 dg,
1158 1377 1294 1426 quae
1321 1360 1651 1413 differentia
1677 1361 1752 1413 est
1778 1361 2035 1413 duorum
2054 1360 2287 1413 finuum
2307 1360 2393 1413 dk
2413 1365 2469 1412 et

833 1433 938 1485 bm
958 1433 1058 1485 seu
1077 1433 1174 1498 gk.
1204 1433 1361 1485 Cum
1381 1432 1478 1484 ilk
1496 1433 1560 1485 fit
1580 1433 1665 1492 60,
1694 1434 1800 1485 erit
1819 1432 1916 1484 kil
1935 1431 2005 1484 30
2031 1438 2086 1484 et
2111 1438 2359 1497 uterque
2378 1430 2470 1497 gfi
2523 1448 2565 1483 1⁵

835 1511 890 1557 et
908 1504 980 1556 bf
983 1519 1014 1556 e
1036 1508 1142 1556 erit
1162 1505 1247 1565 60,
1270 1519 1454 1569 quare
1474 1510 1630 1556 totus
1651 1503 1719 1556 ef
1720 1519 1754 1569 g
1775 1506 1883 1555 erit
1901 1503 2011 1556 120.
2040 1503 2108 1555 In
2129 1503 2360 1556 duobus
2380 1517 2471 1555 or-

833 1576 1130 1641 thogonijs
1162 1575 1348 1628 latera
1378 1575 1457 1627 be
1489 1581 1543 1627 et
1573 1575 1650 1627 ed
1682 1575 1813 1627 sunt
1844 1574 2103 1640 aequalia
2135 1581 2190 1626 et
2223 1573 2291 1627 ef
2315 1588 2471 1627 com-

834 1663 1032 1707 mune,
1061 1662 1245 1711 quare
1272 1646 1503 1711 reliqua
1527 1646 1769 1711 reliquis
1792 1653 1963 1699 erunt
1986 1645 2260 1711 aequalia,
2288 1652 2343 1698 et
2368 1660 2471 1698 an-

835 1718 1006 1784 gulus
1029 1718 1135 1770 bfe
1156 1718 1405 1783 aequalis
1426 1718 1493 1770 ef
1495 1718 1532 1769 d
1552 1717 1789 1783 angulo,
1817 1720 1919 1782 qui
1945 1719 2052 1769 erit
2077 1717 2162 1777 60,
2191 1723 2247 1769 et
2269 1719 2473 1769 tertius

268 1791 520 1856 angulus
541 1791 612 1843 df
613 1806 647 1856 g
668 1793 773 1842 erit
793 1791 883 1850 60;
905 1792 968 1841 in
988 1789 1220 1842 duobus
1241 1788 1613 1854 orthogonijs
1633 1789 1739 1842 efd
1759 1796 1814 1841 et
1834 1788 1906 1841 df
1906 1804 1941 1854 g
1960 1789 2163 1853 anguli
2178 1788 2283 1840 efd
2298 1794 2353 1840 et
2366 1787 2474 1853 dfg
2522 1804 2569 1840 20

267 1863 397 1914 sunt
417 1862 679 1926 aequales
700 1868 756 1913 et
773 1861 927 1913 latus
954 1860 1025 1912 df
1044 1875 1381 1922 commune,
1409 1876 1593 1925 quare
1619 1860 1850 1925 reliqua
1874 1860 2116 1925 reliquis
2142 1865 2472 1924 aequantur,

270 1940 325 1986 et
343 1934 495 1986 latus
517 1933 594 1985 ed
615 1932 846 1997 aequale
868 1934 974 1984 erit
993 1932 1161 1984 lateri
1181 1932 1277 1997 dg,
1309 1932 1469 1996 quod
1488 1931 1848 1996 propofitum
1866 1930 1990 1983 fuit.
2017 1931 2222 1996 Itaque
2243 1931 2475 1983 dabitur

270 2004 511 2069 quilibet
536 2004 691 2056 finus
717 2003 891 2068 supra
916 2003 1002 2063 60,
1030 2003 1071 2054 fi
1095 2003 1245 2055 finui
1276 2018 1448 2054 arcus
1472 2009 1638 2055 tanto
1666 2005 1912 2055 minoris
1941 2003 2012 2055 60
2039 2002 2290 2054 addatur
2317 2001 2474 2054 finus

269 2075 490 2141 dimidij
521 2075 866 2127 differentiae
893 2075 1150 2127 duorum
1175 2089 1446 2135 arcuum,
1473 2082 1538 2126 ut
1559 2074 1636 2127 ed
1657 2074 1733 2127 ad
1751 2073 1859 2126 bm
1877 2073 2013 2126 facit
2032 2073 2139 2134 dk;
2165 2072 2239 2126 fic
2259 2073 2477 2126 Canon

269 2147 522 2199 Sinuum
541 2149 710 2199 tertia
728 2153 892 2211 parte
912 2148 1227 2197 minuetur.
2520 2161 2567 2196 2⁵

341 2218 655 2271 Canonem
674 2218 995 2269 fecundum
1015 2217 1259 2269 dimidio
1280 2216 1638 2270 abbreviabo
1659 2216 1779 2269 alio
1800 2216 2171 2281 compendiO,
2193 2215 2353 2281 quod
2373 2217 2473 2267 eti-

270 2306 369 2342 am
393 2289 490 2342 hic
517 2289 835 2342 annotabo,
864 2289 1142 2340 Duorum
1168 2304 1415 2340 arcuum
1443 2289 1835 2353 quadrantem
1861 2289 2288 2352 complentium
2309 2286 2473 2339 femi·
2504 2309 2508 2310 ff

271 2361 599 2413 differentia
621 2360 1012 2413 fecundorum
1032 2360 1106 2412 est
1125 2359 1412 2412 fecundus
1433 2359 1778 2412 differentiae
1799 2359 2144 2411 eorundem.
2166 2353 2187 2427 ΙΙ
2208 2358 2334 2411 Sint
2354 2357 2474 2410 duo
2504 2366 2593 2410 47v

270 2448 441 2484 arcus
468 2432 558 2493 cb,
588 2432 661 2484 bf
682 2432 1073 2497 quadrantem
1099 2438 1420 2495 aequanteS‚
1451 2434 1593 2496 quia
1619 2430 1728 2483 cas
1750 2428 1939 2483 reclus
1965 2430 2057 2490 est,
2086 2429 2374 2482 fecundus
2400 2428 2474 2482 cb

271 2504 346 2556 est
366 2504 463 2564 db,
485 2503 772 2556 fecundus
791 2503 865 2555 bf
880 2503 954 2555 est
972 2502 1076 2563 bh,
1098 2502 1428 2555 differentia
1448 2503 1704 2554 duorum
1724 2517 1973 2554 arcuum
1993 2501 2069 2553 est
2087 2501 2182 2561 be,
2207 2503 2376 2553 cuius
2394 2499 2473 2553 fe·
2523 2517 2570 2553 30

272 2575 499 2627 cundus
532 2575 607 2627 est
637 2575 674 2626 b
683 2591 733 2640 g,
771 2590 951 2639 quem
983 2575 1113 2626 dico
1147 2575 1250 2626 esse
1284 2574 1596 2626 dimidium
1626 2573 1734 2626 bm
1765 2572 2112 2626 differentiae
2143 2575 2295 2625 inter
2326 2572 2476 2624 duos

270 2646 570 2698 fecundos,
592 2646 913 2698 Diametris
932 2645 1002 2698 sc.
1024 2648 1089 2698 ai
1110 2653 1164 2697 et
1185 2645 1271 2698 dh
1291 2645 1346 2697 se
1361 2645 1704 2707 secantibuS‚
1727 2647 1834 2697 erit
1852 2644 1921 2696 hi
1942 2643 2191 2709 aequalis
2211 2643 2309 2704 ad,
2331 2649 2386 2696 et
2400 2642 2475 2695 ob

270 2718 329 2769 id
345 2721 451 2770 erit
465 2718 712 2782 aequalis
734 2718 821 2770 dk
841 2720 1021 2777 arcui,
1044 2732 1180 2769 cum
1200 2717 1282 2769 ad
1303 2723 1358 2769 et
1378 2717 1463 2769 dk
1482 2716 1588 2769 fint
1608 2715 1894 2781 aequales:
1916 2731 2053 2781 ergo
2074 2714 2326 2781 angulus
2346 2713 2477 2767 dak

272 2789 520 2853 aequalis
542 2791 648 2841 erit
667 2788 798 2849 iah,
826 2795 881 2840 et
900 2788 1098 2841 ablato
1118 2791 1292 2853 igitur
1312 2788 1386 2840 cb
1406 2788 1507 2840 seu
1527 2790 1654 2840 eius
1675 2787 1893 2852 aequali
1914 2786 1981 2839 ef
1996 2803 2069 2839 ex
2087 2786 2170 2848 bf,
2197 2786 2475 2850 relinqui-

271 2866 365 2912 tur
392 2861 471 2912 be
502 2859 831 2912 differentia
860 2860 1116 2912 duorum
1145 2875 1409 2912 arcuum.
1443 2859 1693 2911 Rursum
1721 2859 1819 2919 db,
1852 2861 1947 2911 cui
1975 2858 2039 2910 fit
2067 2857 2317 2922 aequalis
2347 2856 2474 2917 mh,
2524 2872 2571 2908 35

273 2931 479 2983 aufero
500 2948 536 2983 a
555 2931 658 2991 bh,
680 2932 1006 2983 remanebit
1025 2932 1147 2992 bm,
1169 2933 1337 2983 cuius
1355 2931 1666 2983 dimidium
1687 2930 1762 2982 est
1781 2931 1880 2996 bg;
1902 2945 2044 2982 nam
2058 2930 2132 2981 ab
2147 2928 2476 2993 aequalibus

272 3002 714 3055 semidiametris
741 3004 819 3068 dg
845 3009 901 3055 et
926 3002 1025 3067 gh,
1054 3002 1384 3067 aequalibus
1410 3002 1490 3055 db
1518 3009 1573 3054 et
1598 3001 1709 3053 mh
1731 3001 1956 3061 ablatiS,
1983 3006 2293 3053 remanent
2315 2998 2396 3065 bg
2422 3004 2478 3051 et

274 3089 376 3137 gm
397 3074 670 3137 aequalia.
692 3074 753 3126 Si
773 3077 945 3139 igitur
966 3074 1134 3126 detur
1153 3073 1441 3126 fecundus
1461 3073 1540 3125 db
1562 3080 1617 3125 et
1638 3075 1922 3137 quaeritur
1940 3071 2227 3124 fecundus
2245 3070 2349 3132 bh,
2374 3086 2476 3122 au-

274 3144 398 3195 fero
426 3160 629 3195 arcum
657 3145 729 3197 cb
757 3161 794 3197 a
818 3145 891 3196 bf
912 3151 966 3196 et
993 3144 1341 3197 differentiae
1365 3145 1444 3197 be
1471 3144 1793 3197 fecundum
1811 3146 1875 3196 in
1896 3158 2124 3196 canone
2149 3157 2354 3207 quaero
2380 3142 2476 3207 bg,

275 3214 436 3266 hunc
463 3215 714 3279 duplic0‚
745 3219 851 3268 erit
875 3215 998 3277 bm,
1029 3223 1085 3268 et
1110 3217 1266 3269 addo
1292 3215 1614 3268 fecundum
1637 3218 1885 3268 minoris
1910 3214 2037 3276 mh,
2066 3215 2373 3279 proveniet
2397 3212 2475 3264 fe·
2525 3228 2573 3264 40

349 3333 359 3357 ¹
397 3332 558 3371 Canon,
586 3342 670 3377 quo
691 3331 772 3377 ipre
793 3335 896 3375 utor,
924 3331 1148 3369 Rheinoldi
1168 3332 1222 3369 est
1241 3332 1412 3370 excusus
1434 3332 1641 3379 Tubingae
1662 3343 1776 3369 anno
1800 3333 1889 3368 1554
1912 3331 2025 3378 apud
2050 3330 2226 3367 heredes
2248 3328 2477 3370 Morhardi.

275 3378 432 3414 tabulis
453 3377 728 3415 directionum
749 3379 934 3416 insertus.

2248 3425 2477 3479 cundus
