2644 4030
281 312 386 364 266
813 308 1253 362 EPISTOLAE
1278 308 1948 361 ASTRONOMICAE

279 452 476 504 Tertia
500 457 604 503 tua
629 453 778 502 ratio
806 466 879 502 ex
904 453 1164 502 novitate
1191 465 1506 514 corporum
1527 449 1929 510 Cometarum,
1958 456 2013 501 et
2039 449 2200 514 quod
2225 466 2476 503 numero

280 522 566 581 differant,
587 524 775 573 necin
790 521 1000 573 eodem
1021 528 1075 572 et
1095 536 1218 572 uno
1239 521 1375 573 coeli
1393 521 1526 572 loco
1547 527 1863 586 emergant,
1885 521 2162 585 quodque
2182 523 2477 574 interdum

277 594 434 654 stent,
464 593 759 644 interdum
782 591 960 652 lent0,
990 591 1315 656 aliquando
1342 593 1790 651 concitatissimO,
1818 607 2008 656 eoque
2033 593 2370 645 inordinato
2395 592 2474 645 fe-

277 671 481 716 rantur
505 670 673 715 motu
697 665 1136 727 rapianturque,
1167 670 1221 714 et
1250 664 1524 715 rarissime
1549 661 1832 727 perfedtos
1859 662 2179 715 describant
2205 663 2474 716 circulos:

277 736 422 795 haec,
449 738 712 799 inquam,
738 741 793 786 et
812 733 1020 786 fimilia
1038 735 1114 794 id,
1142 734 1302 798 quod
1321 734 1696 794 intendimuS,
1724 749 1847 786 non
1868 741 2149 786 evertunt.
2179 734 2475 798 Quaedam

278 809 436 857 enim
457 821 664 857 eorum
684 808 861 857 nimis
880 805 1061 857 libere
1083 813 1137 857 et
1158 808 1301 857 citra
1320 805 1508 857 ullam
1527 812 1717 857 ratam
1738 805 2204 858 observationem
2218 821 2255 859 a
2268 812 2323 858 te
2343 821 2474 870 pro-

275 884 593 942 ponuntur.
621 877 834 941 Neque
861 879 1022 928 enim
1048 892 1155 941 ego
1182 876 1372 928 ullum
1399 892 1471 928 ex
1498 879 1762 941 quinque
1782 892 1818 928 a
1837 891 1933 928 me
1961 876 2264 941 diligenter
2289 877 2475 929 obser-

274 951 423 1000 vatis
450 948 713 1000 Cometis
739 948 1034 1004 adinveni,
1065 950 1167 1012 qui
1196 947 1347 999 adeo
1377 947 1741 1007 anomalum,
1773 948 2012 1012 qualem
2036 954 2100 999 tu
2127 948 2347 1013 obijcis,
2378 964 2474 1000 ex-

274 1019 528 1072 hibuerit
547 1026 792 1071 motum.
815 1018 1034 1070 Nullus
1055 1034 1263 1070 eorum
1285 1025 1407 1071 erat
1425 1018 1810 1070 stationarius
1834 1019 1903 1070 Et
1921 1018 2054 1070 licet
2069 1020 2365 1071 interdum
2378 1035 2474 1071 ve-

273 1091 475 1150 locius,
497 1105 955 1154 nonnumquam
968 1105 1110 1141 vero
1125 1089 1348 1141 tardius
1361 1089 1714 1149 ferebantur,
1735 1089 1836 1142 ista
1854 1096 2055 1142 tamen
2069 1089 2337 1142 alteratio
2351 1105 2475 1142 non

273 1162 458 1214 subito
473 1162 588 1213 illis
604 1162 989 1226 contingebat,
1010 1161 1280 1225 nihilque
1298 1163 1605 1226 interrupti
1618 1168 1721 1213 aut
1736 1161 1972 1221 confusi,
1988 1168 2052 1213 ut
2065 1168 2128 1213 tu
2142 1161 2472 1226 praetendiS,

272 1234 407 1298 passi
434 1233 578 1294 sunt,
604 1233 700 1285 sed
725 1233 1022 1285 successive
1048 1240 1225 1297 atque
1247 1233 1547 1284 ordinaria
1572 1232 1697 1298 lege
1718 1240 1947 1284 motum
1969 1233 2349 1285 intendebant
2372 1239 2474 1285 aut

272 1307 467 1369 potius
493 1305 878 1356 remittebant.
906 1304 1119 1368 Neque
1140 1304 1295 1356 ullos
1317 1304 1597 1356 Cometas
1625 1304 1698 1355 ab
1726 1303 1873 1369 alijs,
1902 1304 2115 1368 quibus
2140 1311 2266 1355 tuto
2292 1303 2473 1356 fidere

272 1376 459 1436 liceat,
489 1375 773 1428 hactenus
804 1375 1136 1427 observatos
1166 1377 1430 1441 cognovi,
1462 1391 1611 1439 quos
1641 1375 1792 1427 adeo
1822 1375 2174 1435 inordinata,
2206 1382 2381 1440 prout
2408 1381 2473 1427 tu

272 1447 468 1508 inferS,
490 1446 934 1499 discohaerentia
953 1446 1279 1510 implicarit.
1307 1446 1518 1498 Fateor
1538 1447 1793 1511 quidem,
1820 1446 2107 1511 plurimos
2126 1446 2473 1511 perplexum

271 1526 501 1571 motum
521 1518 785 1571 Cometis
805 1533 843 1570 a
860 1518 916 1570 se
938 1516 1252 1582 conspectis
1272 1518 1608 1577 attribuere;
1635 1517 1731 1570 sed
1758 1518 1816 1569 id
1842 1517 2365 1569 animadversionis
2385 1520 2470 1569 in-

272 1593 437 1642 curia
461 1588 696 1649 factum,
724 1592 826 1654 qui
851 1589 1030 1641 solide
1056 1588 1488 1641 observationes
1514 1587 1760 1641 tractare
1787 1589 2129 1649 didicerunt,
2159 1604 2285 1641 non
2311 1591 2470 1654 igno-

271 1668 418 1713 rant.
448 1661 586 1713 Plus
616 1664 775 1713 enim
804 1661 880 1713 ad
908 1660 1018 1712 has
1047 1663 1213 1712 omni
1242 1676 1314 1712 ex
1340 1668 1504 1725 parte
1531 1663 1673 1712 citra
1699 1675 1958 1711 errorem
1984 1660 2471 1712 administrandas

270 1735 585 1797 requiritur
610 1733 828 1784 laboris
855 1739 909 1784 et
936 1730 1479 1795 circumspectionis,
1508 1747 1689 1796 quam
1716 1734 1908 1796 quivis
1934 1731 2218 1783 aestimare
2243 1734 2469 1796 poterit.

271 1803 364 1855 Sic
389 1811 453 1855 tu
480 1804 793 1856 Cometam
817 1803 986 1855 illum
1013 1805 1158 1855 anni
1183 1800 1313 1855 77mi
1337 1803 1723 1855 tumultuario
1755 1811 1808 1854 et
1836 1805 2161 1867 interrupto
2187 1806 2470 1868 agitatum

269 1882 452 1934 motu,
483 1876 633 1927 adeo
662 1882 726 1926 ut
754 1874 1078 1938 aliquando
1107 1874 1316 1926 saltum
1345 1874 1379 1926 8
1407 1875 1698 1938 graduum
1727 1873 2091 1934 commiserit,
2123 1873 2304 1925 literis
2333 1890 2468 1926 con-

268 1946 506 2011 fignasti,
541 1953 595 1998 et
625 1945 938 1998 GEMMA
968 1948 1146 1998 etiam
1174 1945 1290 1997 tale
1320 1945 1461 2009 quid
1489 1944 1575 1996 illi
1603 1946 1968 2006 attribuebat,
2002 1960 2138 1996 cum
2165 1952 2366 1997 tamen
2395 1960 2469 1996 ex

268 2020 415 2069 meis
436 2019 601 2069 omni
620 2017 824 2069 serena
843 2015 1012 2069 nocte
1031 2015 1194 2069 factis
1215 2015 1716 2068 observationibus
1733 2016 1883 2067 nihil
1897 2016 2248 2068 eiuscemodi
2261 2016 2347 2068 illi
2360 2032 2467 2068 un-

269 2104 451 2153 quam
483 2090 859 2153 competierit,
891 2087 987 2140 sed
1020 2088 1170 2139 adeo
1203 2088 1500 2139 ordinarie
1531 2087 1903 2139 velocitatem
1933 2094 2146 2148 motuS‚
2180 2102 2362 2152 quam
2393 2088 2467 2140 ab

266 2162 434 2211 initio
455 2159 677 2221 habuit,
698 2159 1011 2219 successive‚
1033 2159 1199 2211 nullo
1217 2157 1524 2223 praefracto
1538 2158 1685 2211 saltu
1699 2158 2007 2218 incidente,
2028 2158 2257 2219 remifit,
2278 2165 2342 2210 ut
2362 2161 2466 2211 cir-

268 2231 481 2283 cularis
494 2234 772 2283 motionis
786 2231 1221 2296 regularitatem
1235 2246 1359 2282 non
1373 2232 1619 2283 omnino
1633 2230 1926 2295 respuerit.
1949 2230 2052 2282 Nil
2064 2232 2237 2295 igitur
2250 2233 2468 2282 mirum

268 2305 389 2362 erit,
411 2302 451 2354 fi
472 2303 715 2367 quidam
734 2302 853 2368 alij,
876 2305 978 2367 qui
991 2301 1138 2354 forte
1153 2317 1277 2354 non
1291 2302 1442 2354 adeo
1458 2302 1777 2367 diligenter,
1798 2307 1975 2365 atque
1989 2307 2053 2353 tu
2067 2308 2122 2353 et
2137 2301 2466 2363 GEMMA,

265 2374 479 2426 talibus
517 2374 840 2434 attendunt,
882 2373 1229 2439 perplexum
1267 2380 1322 2425 et
1358 2372 1707 2425 anomalum
1746 2373 2008 2425 Cometis
2048 2379 2267 2425 temere
2311 2375 2465 2425 attri-

265 2444 454 2497 buunt
483 2452 729 2498 motum.
762 2446 1113 2497 Paucissimis
1147 2447 1306 2496 enim
1336 2444 1555 2496 idonea
1587 2451 1642 2496 et
1673 2446 1838 2496 omni
1871 2459 2067 2496 errore
2099 2446 2359 2496 carentia
2390 2444 2466 2496 ad

264 2532 480 2568 manus
499 2517 628 2569 sunt
648 2516 1044 2568 instrumenta.
1066 2516 1194 2568 Nec
1211 2515 1529 2568 affixarum
1545 2516 1693 2577 loca,
1715 2531 1970 2580 quarum
1983 2515 2118 2567 usus
2132 2517 2462 2580 requiritur,

265 2591 371 2639 rite
393 2588 666 2648 constant,
689 2583 709 2656 ΙΙ
730 2595 793 2640 ut
812 2591 1007 2652 potius
1027 2587 1243 2639 harum
1262 2587 1657 2639 incertitudini
1678 2593 1854 2651 atque
1874 2589 2293 2651 incompetenti
2313 2587 2464 2638 ordi·
2495 2594 2583 2638 35¹⁷

264 2662 491 2711 nationi
510 2659 906 2725 irregularitas
925 2659 1028 2711 illa
1047 2659 1419 2711 attribuenda
1437 2660 1651 2719 veniat,
1674 2673 1855 2723 quam
1874 2658 2006 2722 ipfis
2022 2658 2300 2710 CometiS.
2323 2658 2465 2709 Non

263 2732 435 2795 igitur
463 2729 769 2783 fluc‘tuanti
794 2738 962 2782 motu
987 2733 1319 2795 rapiuntur;
1350 2729 1491 2782 abfit
1517 2732 1692 2790 enim,
1723 2736 1787 2781 ut
1812 2729 1927 2781 tale
1955 2730 2096 2793 quid
2123 2728 2462 2790 coelestibuS‚

264 2817 399 2865 quae
422 2803 643 2854 ordinis
665 2808 719 2854 et
738 2802 1126 2867 regularitatis
1152 2803 1419 2866 inprimis
1441 2800 1571 2853 sunt
1593 2802 1945 2866 appetentia,
1973 2799 2321 2866 aspergatur.
2349 2799 2463 2852 Sed

262 2876 453 2925 maior
483 2873 557 2925 est
585 2876 648 2925 in
677 2889 885 2925 eorum
913 2873 1123 2925 incessu
1152 2874 1534 2931 concinnitas,
1568 2888 1749 2937 quam
1777 2888 1814 2924 a
1841 2871 2149 2936 plaerisque
2177 2869 2461 2923 hactenus

263 2944 752 2996 animadversum.
783 2944 877 2997 Sic
906 2944 1066 3009 quod
1093 2944 1359 2996 Cometae
1388 2944 1661 2995 rarissime
1690 2946 1945 3008 integros
1972 2949 2026 2994 et
2053 2940 2337 3006 perfeetos
2366 2942 2460 2994 de-

261 3014 509 3067 scribant
541 3016 804 3077 circuIOS‚
839 3015 936 3067 etfi
967 3015 1222 3067 multum
1255 3014 1611 3067 difficultatis
1642 3017 1706 3066 in
1739 3029 1946 3066 eorum
1975 3013 2266 3065 curriculo
2295 3028 2460 3078 regu-

261 3085 441 3138 lando
460 3086 737 3151 suggerat,
757 3087 1179 3151 possibilitatem
1198 3093 1399 3138 tamen
1419 3101 1660 3138 omnem
1680 3101 1803 3137 non
1823 3085 2056 3150 prorsus
2076 3084 2344 3145 excludit,
2365 3084 2461 3136 sed

263 3171 334 3207 eo
354 3157 486 3221 plus
506 3165 763 3209 meretur
781 3158 973 3210 laudis
994 3165 1171 3222 atque
1190 3159 1409 3222 gratiae,
1437 3172 1556 3221 quo
1577 3159 1763 3222 magis
1784 3157 2005 3208 arduus
2026 3162 2081 3208 et
2101 3155 2377 3221 operosus
2397 3155 2460 3207 fit

262 3235 522 3280 conatus,
546 3228 632 3280 Ex
652 3229 788 3280 data
808 3236 1008 3280 autem
1028 3229 1278 3286 alicuius
1298 3228 1499 3280 circuli
1518 3230 1804 3292 portione,
1827 3227 1898 3279 de
1920 3230 2045 3279 eius
2063 3234 2262 3278 centro
2282 3233 2458 3291 atque

260 3299 680 3363 magnitudine,
707 3299 839 3351 licet
863 3306 985 3351 tota
1009 3299 1346 3364 peripheria
1367 3315 1491 3351 non
1514 3298 1742 3359 constet,
1771 3301 1915 3363 quin
1936 3300 2188 3363 cognitio
2209 3305 2336 3350 rata
2354 3296 2457 3349 ha-

260 3369 382 3421 beri
396 3371 569 3434 possit,
583 3373 713 3434 quis
727 3370 1183 3423 Geometrarum
1195 3369 1463 3436 negabit?
1479 3370 1657 3433 Quod
1667 3370 1863 3431 inferS,
1876 3369 1917 3420 fi
1928 3369 2178 3421 alicuius
2191 3369 2457 3490 Comettae

2261 3454 2362 3490 mo
2387 3453 2457 3490 us

2528 1107 2570 1142 10

2526 1464 2568 1498 15

2519 1819 2566 1854 20

2517 1950 2545 1993 ‘1⁴

2517 2176 2563 2211 25

2513 2531 2561 2567 30

2511 2887 2558 2922 35

2507 3242 2554 3277 40
2625 3264 2644 3277 .
