2644 4030
258 310 363 362 238
794 306 1231 359 EPISTOLAE
1256 306 1927 359 ASTRONOMICAE

257 451 432 516 plane
458 451 711 513 imperiti
737 448 1038 501 accedunt.
1070 448 1295 500 Credas
1320 463 1433 509 me,
1461 450 1564 513 qui
1589 464 1714 500 non
1739 451 1940 501 minus
1965 447 2184 501 laboris
2211 454 2266 501 et
2291 449 2454 515 studij

256 529 382 574 tum
397 536 634 585 quoque
651 560 869 572 ........
885 519 1064 571 huius
1078 519 1371 571 inferioris
1387 525 1442 571 et
1455 519 1759 571 Terrestris
1773 519 2165 572 Astronomiae
2187 519 2282 584 (fic
2297 523 2457 572 enim
2506 525 2534 569 †

256 592 411 644 hanc
440 597 627 644 artem
655 590 897 643 subinde
924 606 1138 642 vocare
1167 590 1347 654 soleo)
1379 606 1561 655 quam
1588 593 1651 642 in
1679 590 2038 655 superiorem
2067 597 2122 643 et
2149 590 2459 644 Coelestem

256 663 421 715 illam
442 662 743 723 collocavi,
765 661 887 726 ipsa
907 664 1270 726 experientia
1290 659 1562 713 edodtum
1583 662 1702 722 esse,
1724 677 1850 714 rem
1863 664 1945 713 ita
1958 662 2013 714 se
2027 661 2263 723 habere,
2283 668 2459 727 prout

256 735 506 786 breviter
525 733 734 785 ultimo
754 732 1027 785 indicavi.
1050 732 1204 797 Quae
1225 748 1360 784 cum
1380 733 1483 785 tibi
1501 735 1700 784 minus
1719 731 2013 798 perspedta
2032 732 2154 792 fint,
2175 739 2376 797 utpote
2396 736 2459 786 in

255 803 600 857 transtatione
621 804 920 869 Spagirica
939 819 1063 855 non
1082 803 1325 863 versato,
1353 804 1593 856 uberius
1620 819 1692 856 ea
1716 806 1998 869 attingere
2019 803 2269 856 otiosum
2289 804 2458 857 duco,

257 877 518 929 Unicum
543 882 774 928 tantum
801 875 871 927 de
898 874 1012 927 hoc
1038 875 1356 940 suggeram,
1384 875 1544 939 quod
1565 891 1638 927 ex
1657 875 1770 927 hac
1790 874 2167 927 metallorum
2188 890 2324 927 cum
2344 875 2458 928 Co-

255 954 548 999 metarum
569 946 782 998 collata
802 945 1271 999 conformatione
1289 946 1507 998 illicere
1521 947 1805 1010 potuisseS‚
1826 961 1924 998 me
1939 946 2220 999 Cometas
2235 962 2308 999 ex
2323 946 2458 999 Coe-

255 1018 373 1070 lesti
399 1018 632 1083 prorsus
657 1017 914 1070 constare
941 1020 1205 1078 materia,
1234 1020 1428 1069 omnis
1450 1017 1838 1070 Elementaris
1859 1017 2155 1082 qualitatis
2176 1024 2458 1082 experteS,

255 1093 504 1141 innuere
523 1089 775 1141 voluisse.

327 1160 778 1225 Dispofitionem
810 1162 1003 1225 operis
1034 1162 1152 1211 mei
1184 1159 1577 1212 Astronomici
1607 1159 1710 1212 tibi
1741 1159 1973 1224 placere
2005 1159 2190 1212 laetor.
2227 1160 2356 1212 Nec
2387 1159 2459 1212 de

254 1232 486 1284 Venere
508 1239 562 1284 et
582 1232 902 1292 Mercurio,
932 1232 1091 1296 quod
1112 1231 1247 1284 Sole
1267 1246 1393 1283 non
1415 1233 1613 1283 minus
1639 1230 1877 1283 altiores
1904 1246 2087 1295 quam
2112 1230 2460 1283 humiliores

256 1303 591 1363 reddantur,
617 1319 836 1368 magna
862 1306 969 1355 erit
995 1303 1153 1368 apud
1176 1318 1302 1354 rem
1321 1302 1506 1368 ipsam
1524 1304 1781 1367 penitius
1802 1302 2231 1354 considerantes
2250 1303 2314 1354 in
2333 1317 2459 1366 per-

254 1374 554 1427 suadendo
567 1374 896 1427 difficultas
910 1375 1122 1439 Neque
1133 1374 1193 1426 id
1206 1374 1365 1438 quod
1376 1374 1634 1434 adduciS,
1644 1374 1892 1425 Veneris
1903 1372 2124 1425 stellam
2135 1372 2459 1438 aliquando

257 1446 466 1498 eodem
490 1446 583 1498 die
606 1446 775 1497 fimul
796 1452 850 1498 et
869 1445 1259 1510 vespertinam
1286 1451 1340 1497 et
1367 1447 1541 1497 eoam
1567 1445 1906 1509 apparuisse,
1933 1444 2126 1496 nostra
2151 1447 2461 1497 ratiocinia

255 1517 552 1570 ullatenus
571 1518 829 1582 impedit,
857 1520 1002 1581 quin
1023 1523 1077 1568 et
1097 1516 1348 1581 idipsum
1367 1532 1404 1569 a
1423 1532 1519 1568 me
1539 1516 1717 1568 semel
1736 1515 2107 1568 observatum
2129 1516 2232 1567 esse
2251 1517 2458 1580 priori-

255 1589 365 1641 bus
390 1588 493 1640 tibi
518 1589 775 1641 indicavi
800 1588 996 1640 literiS.
1026 1588 1153 1640 Nec
1174 1590 1493 1652 quicquam
1513 1587 1652 1639 hinc
1673 1586 1967 1648 obstaculi,
1996 1602 2116 1652 quo
2135 1589 2335 1639 minus
2355 1586 2458 1653 hy-

254 1659 583 1725 pothefium
609 1660 936 1712 nostrarum
957 1659 1249 1711 ordinatio
1275 1662 1382 1711 rite
1404 1659 1632 1720 constet,
1659 1659 1881 1724 suggeri
1902 1660 2217 1723 comperiO.
2246 1657 2360 1710 Sed
2387 1658 2459 1710 de

255 1731 348 1783 his
369 1734 432 1783 in
451 1731 895 1796 praesentiarum
914 1730 1043 1783 haec
1064 1730 1367 1791 sufficiant,
1387 1730 1483 1782 vel
1502 1732 1697 1795 potius
1712 1733 1866 1782 circa
1880 1729 2262 1794 quaestionem
2275 1729 2458 1791 illam,

256 1818 392 1867 quae
414 1802 655 1855 Coelum
673 1802 1012 1867 supremum
1026 1802 1215 1866 Aquis
1236 1801 1557 1862 obnubilat,
1578 1807 1866 1866 tanquam
1885 1803 2084 1852 minus
2098 1800 2458 1853 Astronomi-

257 1889 403 1934 cam,
433 1875 555 1925 imo
586 1874 660 1926 ab
691 1876 856 1925 omni
881 1889 1033 1938 pene
1059 1872 1438 1937 Philosophia
1463 1872 1896 1932 abhorrentem,
1927 1874 2115 1924 nimia
2140 1878 2195 1924 et
2221 1887 2460 1936 quoque

254 1944 691 2009 supervacanea
712 1946 814 1996 esse
835 1947 1103 2009 poterint.

327 2015 1028 2068 CHRISTOPHORUM
1073 2014 1686 2067 ROTHMANNUM
1731 2013 2227 2066 Mathematicum
2268 2013 2460 2066 Land-

254 2090 606 2152 gravianum
631 2087 980 2153 hypotheses
1009 2087 1427 2151 Copernicaeas
1447 2086 1766 2150 Terraeque
1792 2088 1855 2137 in
1880 2085 1973 2137 his
2000 2083 2307 2138 astructam
2333 2100 2457 2137 mo-

162 2178 164 2180 ·
253 2158 538 2211 bilitatem
563 2158 710 2210 serio
736 2161 903 2219 tueri,
930 2164 1238 2222 totumque
1260 2157 1502 2210 Coelum
1526 2157 1678 2208 nihil
1704 2156 1866 2209 aliud
1887 2172 2069 2221 quam
2089 2158 2310 2209 Aerem
2330 2156 2458 2208 Ele-

254 2236 582 2282 mentarem
595 2230 864 2294 adeoque
876 2229 1220 2281 Animalem
1233 2230 1352 2289 esse,
1370 2229 1711 2290 existimare,
1726 2243 1799 2280 ex
1810 2243 1929 2293 quo
1941 2228 2188 2289 dubitaS,
2204 2230 2371 2280 mitto
2384 2226 2460 2280 ad

254 2307 309 2353 te
329 2300 680 2365 particulam
699 2301 831 2353 libri
851 2300 1240 2366 Epistolarum
1259 2300 1821 2361 Astronomicarum‚
1849 2315 1999 2364 quas
2017 2315 2113 2351 me
2134 2298 2459 2364 aliquando

254 2372 677 2436 publicandum
687 2372 790 2425 tibi
800 2371 1132 2437 significavi,
1146 2374 1545 2424 continentem
1555 2372 1905 2436 potissimum
1915 2377 2127 2435 praeter
2138 2370 2313 2435 ipfius
2323 2369 2459 2422 Illu-

254 2443 489 2495 strissimi
514 2444 797 2509 Principis
823 2444 899 2496 ad
925 2459 1021 2496 me
1049 2444 1120 2495 de
1147 2443 1322 2495 rebus
1344 2443 1765 2495 Astronomicis
1790 2441 2148 2507 perscriptas,
2175 2443 2299 2493 una
2324 2453 2460 2493 cum

254 2514 446 2567 nostra
466 2515 541 2567 ad
561 2515 814 2580 lingulas
834 2514 1220 2579 responsione,
1242 2514 1420 2566 huius
1437 2530 1675 2579 quoque
1690 2513 2169 2566 ROTHMANN
2173 2512 2198 2565 1
2219 2519 2274 2565 et
2292 2527 2458 2564 meas

254 2586 467 2647 literaS,
496 2587 708 2651 quibus
735 2586 889 2638 ultro
917 2589 1177 2650 citroque
1205 2586 1277 2638 de
1302 2592 1423 2638 toto
1450 2585 1564 2637 hoc
1589 2587 1825 2650 negotio
1846 2584 2223 2650 disputamus
2252 2584 2339 2636 Ex
2364 2583 2459 2636 his

254 2657 487 2722 plenius
513 2661 814 2723 percipies,
842 2673 978 2722 quae
1004 2657 1068 2710 fit
1094 2657 1252 2709 illius
1278 2666 1455 2721 atque
1482 2672 1633 2717 mea,
1660 2663 1787 2708 tum
1810 2659 1874 2708 in
1895 2656 2110 2708 talibus
2133 2661 2260 2707 tum
2282 2657 2460 2708 etiam

254 2729 558 2781 nonnullis
582 2729 714 2794 alijs
734 2725 755 2797 ΙΙ
775 2729 892 2781 11116
918 2728 1342 2793 pertinentibus
1368 2728 1666 2780 sententia.
1696 2727 1896 2790 Quam
1922 2734 1987 2779 ut
2012 2742 2120 2791 pro
2145 2726 2343 2792 iudicij
2372 2728 2458 2778 tui
2538 2744 2560 2763 v

255 2802 529 2852 acumine
551 2800 898 2865 expendere,
926 2807 1103 2865 atque
1128 2800 1287 2865 quod
1313 2799 1417 2851 tibi
1441 2799 1804 2864 probabilius
1823 2798 2108 2859 videatur,
2136 2797 2458 2850 discernere

254 2870 416 2932 veliS‚
438 2878 493 2923 te
515 2874 693 2924 etiam
710 2878 887 2936 atque
906 2874 1084 2923 etiam
1101 2878 1371 2936 rogatum
1391 2870 1601 2923 habeo,
1624 2870 1783 2922 Nam
1800 2873 1931 2922 etin
1944 2869 2245 2935 postremis
2259 2868 2457 2929 literiS,

256 2945 460 2994 cumis
481 2943 556 2994 ad
576 2943 823 2995 arbitros
843 2942 1113 3007 appellet,
1137 2958 1243 3007 ego
1264 2948 1319 2994 te
1338 2957 1462 3007 prae
1483 2944 1708 2994 caeteris
1729 2941 1891 3006 elegi,
1913 2947 1977 2992 ut
1997 2956 2070 2992 ex
2088 2942 2160 3005 ijs
2179 2939 2312 3005 ipfis
2331 2955 2458 3004 per-

256 3016 450 3077 cipieS‚
478 3014 654 3066 ficubi
675 3017 863 3066 otium
882 3014 1057 3066 fuerit
1078 3029 1178 3066 eas
1198 3013 1512 3078 perlegere,
1541 3013 1701 3077 quod
1720 3019 1784 3064 ut
1803 3012 2000 3072 faciaS‚
2026 3018 2310 3076 tuamque
2331 3025 2459 3063 eru-

257 3085 437 3136 ditam
453 3085 524 3136 de
539 3085 713 3137 rebus
728 3085 842 3137 illis
857 3085 1237 3137 controversis
1259 3085 1563 3136 censuram
1582 3099 1819 3136 mecum
1837 3084 2206 3148 impertiariS,
2227 3098 2265 3134 a
2282 3088 2338 3134 te
2359 3084 2459 3134 eti·

256 3170 504 3206 amnum
525 3163 794 3208 amanter
811 3164 963 3221 pet0.
991 3156 1169 3208 Plura
1189 3157 1261 3208 de
1281 3156 1374 3208 his
1393 3171 1518 3207 non
1538 3156 1771 3215 addam,
1799 3170 1874 3207 ne
1900 3156 2154 3207 nimium
2174 3153 2460 3206 excrescat

256 3225 523 3290 Epistola.
556 3227 683 3279 Nec
710 3228 785 3279 ad
810 3227 1153 3292 posteriores
1178 3234 1326 3289 tuaS,
1355 3242 1504 3292 quas
1529 3225 2049 3286 BONGERSIUS,
2079 3227 2164 3276 uti
2189 3224 2263 3277 ab
2288 3226 2459 3276 initio

257 3296 394 3356 dixi,
422 3297 685 3357 reddidit,
713 3298 911 3350 multis
932 3298 1311 3363 respondeb0,
1339 3314 1476 3350 cum
1494 3313 1599 3363 per
1617 3297 1673 3350 se
1692 3298 1990 3349 breviores
2009 3295 2128 3348 illae
2148 3295 2379 3356 fuerint,
2404 3300 2460 3347 et

255 3367 629 3420 solummodo
645 3384 731 3430 ea,
749 3384 883 3433 quae
898 3369 990 3421 his
1004 3369 1421 3433 prolixioribus
1434 3369 1900 3428 continebantur,
1917 3368 2114 3420 denuo
2125 3366 2460 3418 summatim

2092 3437 2457 3489 incuchrint.

2508 751 2530 786 5

2513 1105 2555 1141 10

2513 1461 2556 1496 15

2507 1816 2555 1852 20

2508 2173 2554 2207 25

2507 2528 2554 2564 30
