2644 4030
120 737 141 770 5

102 1093 144 1127 10

81 1490 163 1533 24r

104 1666 145 1699 15

103 2022 149 2057 20

104 2379 150 2413 25

107 2736 153 2770 30

109 3092 155 3127 35

346 290 650 344 TYCHO
677 290 799 342 AD
826 289 1369 343 THADDAEUM
1396 287 2224 355 HAGECIUM159111592
2298 289 2391 341 321

189 434 766 486 commendationem
786 433 888 486 fibi
907 448 1032 485 non
1051 432 1456 498 infrugiferam
1475 432 1630 485 fuisse
1652 433 2018 497 depraedicet.
2047 433 2160 485 Sed
2184 433 2255 485 de
2279 432 2393 484 hoc

188 505 335 557 forte
355 504 537 570 paulo
556 504 841 570 prolixior
860 504 1003 565 sum,
1028 504 1188 569 quod
1209 507 1271 557 in
1291 504 1494 564 altem,
1519 506 1687 556 cuius
1708 507 1886 556 etiam
1905 507 1968 556 in
1987 504 2168 556 literis
2189 507 2392 556 memi-

189 576 331 637 nisti,
352 576 634 629 brevitate
649 575 1056 641 compensabO,
1073 576 1144 628 de
1161 592 1232 628 eo
1246 579 1346 628 vix
1360 575 1672 628 verbulum
1687 575 2009 635 addituruS,
2025 591 2219 640 neque
2235 578 2395 628 enim

189 648 400 713 dignus
430 647 520 699 est.
551 647 796 712 Ipsemet
824 648 988 700 brevi
1016 648 1176 712 apud
1204 663 1328 708 VOS,
1359 647 1866 711 quemadmodum
1893 655 1947 699 et
1973 654 2149 699 antea
2174 647 2394 711 ubique

190 719 347 780 alibi,
368 718 561 783 qualis
580 718 659 779 fit,
680 719 902 783 prodet,
923 719 1030 771 nifi
1048 718 1195 771 forte
1216 718 1485 783 religiosa
1503 718 1608 770 illa
1629 718 1692 782 (fi
1706 719 1836 784 Dijs
1851 718 2063 783 placet)
2081 725 2394 770 metamor-

189 790 384 855 phofis
407 805 547 842 eum
566 806 604 842 a
622 789 803 855 seipso
830 789 1164 842 difformem
1190 790 1520 842 reddiderit.
1542 789 1689 842 Vale
1712 797 1765 842 et
1785 789 2168 855 magnificum
2190 789 2395 841 Domi-

191 877 338 914 num
359 861 733 914 CURTIUM
761 877 798 913 a
822 876 919 913 me
947 860 1202 913 officiose
1228 861 1430 921 saluta,
1459 868 1513 913 et
1538 860 1579 912 si
1604 861 1820 921 literaS,
1849 877 1997 925 quas
2020 861 2196 912 semel
2220 868 2396 925 atque

191 936 405 986 iterum
419 933 495 985 ad
508 932 679 985 illum
692 932 1063 998 postmodum
1077 932 1227 994 dedi,
1248 935 1486 997 accepit,
1508 939 1571 984 ut
1586 948 1691 997 per
1705 932 1966 985 oblatam
1980 949 2017 985 a
2030 933 2397 997 gravioribus

192 1003 455 1069 Reipubl.
487 1007 642 1056 curis
670 1007 1042 1056 vacationem
1073 1004 1422 1068 respondere
1454 1011 1509 1055 et
1537 1004 1608 1055 de
1638 1003 1812 1055 rebus
1843 1004 2282 1056 Mathematicis
2312 1007 2396 1055 iu-

193 1076 384 1128 cunde
403 1091 642 1128 mecum
662 1075 927 1128 conferre
948 1091 1073 1128 non
1092 1082 1380 1141 gravetur,
1403 1082 1674 1140 rogatum
1693 1075 1862 1127 habe.
1886 1076 2104 1127 Iterum
2126 1075 2227 1127 diu
2247 1075 2396 1126 mul-

191 1154 437 1212 tumque
456 1147 606 1200 vale.
629 1147 804 1200 Datae
826 1147 1186 1212 Uraniburgi
1207 1148 1300 1199 die
1494 1148 1675 1198 Anno
1696 1147 1828 1199 1591.

195 1382 270 1428 [Ex
291 1383 534 1429 apographo
555 1383 599 1419 in
620 1383 765 1421 codice
785 1383 1107 1420 Vindobonensi
1126 1384 1194 1420 lat.
1219 1381 1391 1427 1068656]

1029 1478 1564 1533 POSTSCRIPTA.

325 1575 907 1629 ONSTITUERAM
929 1576 1170 1640 quidem
1190 1576 1262 1627 de
1282 1575 1574 1640 Plagiario
1596 1581 1651 1626 et
1672 1573 2036 1627 Suffuratore
2057 1574 2158 1627 isto
2180 1590 2255 1627 ne
2275 1590 2400 1627 ver-

335 1648 479 1705 bum
492 1648 826 1708 meminisse,
844 1663 916 1699 ex
931 1663 1051 1712 quo
1065 1650 1367 1699 mentione
1381 1647 1690 1712 indignum
1706 1646 2245 1699 censerem.Verum
2260 1647 2401 1698 dum

195 1719 292 1771 hae
312 1719 515 1779 literae,
542 1735 733 1771 unum
753 1726 930 1783 atque
951 1719 1206 1771 alterum
1226 1719 1399 1779 diem,
1421 1726 1666 1770 ventum
1686 1725 1740 1770 et
1761 1721 2082 1783 navigium,
2112 1734 2231 1783 quo
2254 1718 2400 1770 Haf-

195 1794 360 1843 niam
379 1790 761 1850 transfretent,
785 1790 882 1842 hic
904 1789 1225 1855 expefiant‚
1247 1791 1426 1842 incidi
1445 1793 1671 1842 interea
1692 1796 1746 1841 et
1766 1792 1829 1841 in
1850 1790 2064 1842 alteras
2084 1790 2402 1854 postremas

195 1870 344 1922 tuaS,
366 1862 580 1927 quibus
595 1862 772 1915 URSI
786 1861 943 1914 istius
957 1861 1332 1914 Dithmarfici
1345 1861 1672 1913 meministi.
1696 1861 1972 1925 Cumque
1990 1861 2243 1922 videam,
2264 1868 2319 1913 te
2341 1864 2404 1912 in

196 1933 453 1998 utrisque
475 1934 685 1986 eodem
707 1933 888 1985 modo
908 1933 981 1985 fic
1001 1940 1208 1986 notare
1235 1933 1544 1985 hominem
1570 1933 1754 1992 istum,
1783 1948 1962 1997 quem
1983 1948 2090 1998 ego
2111 1933 2285 1998 plagij
2310 1948 2402 1984 ac-

199 2005 481 2065 cusaram,
509 2008 694 2057 immo
716 2012 770 2056 et
791 2008 853 2056 in
878 2004 1290 2069 posterioribus
1315 2004 1593 2056 nonnihil
1616 2006 1787 2056 tacite
1814 2004 2106 2064 excusare,
2134 2005 2403 2068 adeoque

199 2079 325 2129 eius
338 2092 535 2128 mores
549 2076 812 2136 laudare,
835 2076 997 2140 quafi
1014 2075 1326 2137 haefitareS,
1348 2092 1429 2128 an
1441 2079 1651 2127 merito
1667 2082 1722 2127 et
1735 2075 2066 2140 simpliciter
2079 2075 2403 2140 Plagiarius

198 2147 604 2213 appellanduS,
626 2147 773 2200 forte
795 2148 954 2212 quod
975 2150 1024 2199 is
1043 2147 1159 2199 suis
1178 2147 1358 2200 vafris
1379 2155 1434 2199 et
1453 2146 1709 2199 subdolis
1729 2147 1921 2198 verbis
1941 2149 2022 2199 ita
2042 2146 2096 2198 se
2118 2147 2277 2211 apud
2297 2162 2404 2198 vos

197 2221 479 2285 purgarit:
508 2235 684 2284 cogor
710 2222 909 2283 itaque
936 2219 1146 2270 nolens
1166 2220 1375 2270 volens
1395 2219 1498 2271 tibi
1518 2221 1777 2282 apertius
1799 2218 2177 2282 pluribusque
2198 2218 2270 2270 de
2291 2217 2405 2270 hoc

198 2290 459 2351 scribere,
481 2299 544 2343 ut
565 2291 868 2355 quomodo
887 2306 979 2342 res
993 2290 1048 2342 se
1063 2290 1294 2350 habeat,
1317 2292 1529 2342 certius
1545 2289 1873 2355 cognoscas,
1895 2289 2027 2341 Fuit
2040 2290 2137 2341 iste
2153 2289 2405 2342 URSUS

200 2362 625 2414 Dithmarficus
639 2361 736 2413 hic
751 2369 887 2414 ante
903 2377 1095 2414 annos
1117 2361 1202 2426 (ni
1215 2361 1411 2425 fallor)
1432 2361 1649 2426 septem
1662 2360 1758 2412 vel
1771 2361 1820 2421 8,
1842 2363 1905 2412 in
1919 2364 2200 2413 comitatu
2214 2363 2406 2413 intimi

199 2437 317 2486 mei
331 2436 508 2486 amici
523 2433 730 2486 ERICI
745 2433 1048 2495 LANGIJ,
1070 2436 1164 2484 cui
1180 2440 1320 2485 tunc
1337 2435 1617 2497 temporis
1636 2431 2006 2492 inserviebat;
2028 2448 2282 2497 cumque
2302 2448 2406 2497 per

201 2506 648 2570 quatuordecim
668 2505 791 2557 dies
807 2505 966 2556 idem
980 2504 1262 2557 ERICUS
1277 2506 1401 2556 una
1414 2519 1550 2556 cum
1564 2503 1695 2569 alijs
1710 2503 2058 2567 quibusdam
2073 2503 2405 2556 Batonibus

201 2583 257 2628 et
270 2576 566 2629 nobilibus
580 2579 738 2636 viriS,
759 2591 909 2640 quos
923 2576 1118 2628 secum
1133 2576 1474 2635 adduxerat,
1497 2582 1552 2626 et
1565 2574 1885 2640 genialiter,
1906 2577 1992 2626 uti
2006 2574 2085 2635 fit,
2107 2575 2255 2626 mihi
2270 2591 2405 2627 con-

200 2649 475 2707 vixissent,
490 2647 716 2712 illisque
731 2648 978 2708 dimissis,
993 2647 1106 2698 sese
1122 2648 1196 2699 ad
1211 2663 1444 2699 mecum
1460 2645 1999 2711 philosophandum
2014 2646 2407 2710 composuisset

204 2719 369 2783 (nam
395 2721 611 2771 artium
636 2719 970 2771 liberalium
996 2734 1120 2770 non
1145 2721 1384 2783 ignarus
1411 2718 1501 2777 est,
1530 2717 1750 2781 hasque
1774 2725 1951 2777 amat,
1978 2720 2245 2782 inprimis
2265 2733 2406 2769 vero

203 2790 590 2843 URANIAM
614 2789 885 2850 nostram,
912 2797 966 2841 et
985 2789 1026 2841 fi
1045 2789 1146 2842 sub
1168 2789 1281 2841 hoc
1302 2792 1545 2841 nomine
1565 2788 1825 2840 sororem
1846 2791 2024 2841 etiam
2043 2804 2257 2850 meam,
2286 2789 2406 2841 SO-

202 2862 470 2914 PHIAM
486 2861 634 2913 alias
649 2859 878 2921 dictam,
894 2877 1054 2913 nunc
1066 2861 1311 2913 viduam
1325 2860 1722 2920 iuvenculam,
1740 2861 1864 2911 una
1882 2860 2255 2920 intellexeriS,
2272 2875 2407 2912 cum

203 2942 258 2985 et
283 2933 382 2985 ille
408 2932 565 2985 hanc
591 2932 664 2984 fic
691 2932 990 2997 appellare
1010 2932 1206 2992 soleat,
1233 2932 1380 2984 forte
1402 2948 1438 2984 a
1457 2934 1699 2984 veritate
1720 2947 1843 2983 non
1864 2931 2061 2984 aliena
2080 2947 2176 2983 me
2198 2932 2406 2991 dixisse,

203 3020 295 3057 res
322 3004 444 3070 ipsa
468 3003 753 3068 probabit,
780 3003 936 3056 hanc
964 3006 1123 3055 enim
1144 3003 1382 3056 amabat
1402 3010 1578 3068 atque
1598 3006 1662 3054 in
1682 3018 1931 3054 uxorem
1952 3003 2165 3055 ducere
2184 3003 2407 3068 satagit)

203 3078 253 3128 is
283 3078 546 3140 inquam,
577 3075 858 3128 ERICUS
883 3078 1006 3127 iam
1032 3075 1304 3127 Bacchici
1333 3077 1580 3139 liquoris
1608 3074 1885 3139 pertaesus
1912 3082 1967 3126 et
1993 3074 2067 3126 ab
2094 3075 2408 3127 URANIA

204 3146 397 3199 nostra
415 3149 667 3198 recreari
687 3149 946 3210 cupienS‚
969 3149 1146 3211 coepit
1164 3149 1315 3198 inter
1334 3146 1455 3198 alia
1474 3161 1757 3211 quaerere‚
1779 3160 1859 3197 an
1878 3161 2002 3197 non
2021 3146 2225 3210 aliqua
2244 3146 2408 3198 dare-

203 3225 298 3270 tur
323 3220 490 3277 rati0,
521 3233 641 3282 qua
667 3217 1005 3278 absurditaS,
1036 3233 1172 3282 quae
1201 3225 1431 3269 motum
1456 3217 1655 3270 Terrae
1682 3232 1720 3269 a
1746 3217 2203 3270 COPERNICO
2230 3220 2408 3269 intro-

205 3287 445 3342 ductum
476 3304 810 3353 praecavere
842 3289 1031 3354 posset,
1065 3296 1120 3341 et
1151 3288 1519 3354 superfluitas
1552 3295 1728 3352 atque
1759 3291 2191 3341 inconcinnitas
2223 3289 2409 3340 Ptole-

204 3363 398 3413 maica
423 3359 814 3412 nihilominus
841 3360 1236 3426 abrogaretur,
1267 3363 1349 3413 ita
1376 3368 1578 3413 tamen
1606 3366 1670 3411 ut
1699 3363 2057 3426 apparentijs
2086 3360 2410 3413 coelestibus

349 3443 391 3477 ⁴¹
2066 3432 2408 3484 omnimode
