2644 4030
200 310 641 364 CASPARUS
660 310 1114 365 PEUCERUS
1133 311 1256 364 AD
1276 311 1782 365 TYCHONEM
1803 313 1866 364 10
1886 313 2070 366 MAI.
2092 315 2237 367 1589
2305 315 2396 367 187

198 452 291 504 his
311 459 746 518 comparantur,
773 469 897 505 non
916 459 1116 506 tamen
1138 454 1438 506 soliditatis
1463 454 1560 507 sed
1585 454 2004 519 perspicuitatis
2030 458 2275 517 ratione,
2301 456 2396 508 sed

197 523 301 576 sua
320 523 580 588 quadam
601 523 951 577 subtilissima
971 532 1026 577 et
1045 527 1338 590 purissima
1359 525 1684 587 substantia,
1713 541 1848 590 quae
1875 529 2028 587 aere,
2056 543 2093 579 a
2119 543 2238 591 quo
2265 543 2396 592 pro-

197 602 410 660 pagata
436 594 527 656 est,
553 597 787 647 tenuior
811 595 999 647 multo
1026 596 1417 661 finceriorque
1444 603 1499 649 et
1521 597 1594 649 ab
1618 596 1809 649 infusa
1827 596 1958 649 luce
1978 596 2284 661 perfedtior
2304 599 2395 658 est,

196 681 379 730 quam
393 665 707 731 complexu
722 669 1021 719 continent
1035 674 1212 733 atque
1227 674 1495 720 coercent
1508 668 1611 720 suo
1624 667 1986 720 circumfusae
2001 669 2194 720 densae
2208 670 2395 721 nubes

126 754 148 789 ⁵
197 743 253 788 et
272 752 446 801 aquae
468 737 846 799 circumfiuae,
867 754 905 790 a
925 738 1138 803 quibus
1159 739 1404 792 Hebraei
1419 739 1660 792 Coelum
1679 742 1992 791 nominant
2015 739 2393 803 Schamaim,

71 816 182 860 164v
196 808 256 860 id
277 807 373 860 est:
394 808 475 861 ibi
494 823 686 873 aquae.
705 804 726 877 ΙΙ
744 809 836 861 De
851 808 943 861 his
957 813 1128 874 aquis
1143 811 1303 863 clara
1315 810 1444 863 sunt
1460 817 1515 863 et
1527 810 1856 863 indubitata
1869 810 2195 863 testimonia
2210 811 2395 876 Scrip-

196 885 345 931 turae
364 878 559 939 sacrae,
588 879 800 932 Genes
822 881 864 932 l:
892 880 1070 934 Fecit
1086 882 1264 935 Deus
1283 881 1748 935 firmamentum
1769 884 1835 935 et
1852 879 2051 947 divisit
2067 896 2269 949 aquas
2280 880 2397 949 sub

195 949 591 1003 firmamento
622 950 701 1003 ab
731 950 850 1013 his,
889 966 1030 1018 quae
1062 955 1247 1006 erant
1272 951 1466 1036 supra
1496 952 1977 1015 firmamentum,
2022 952 2395 1020 vocavitque

194 1020 659 1075 firmamentum
696 1021 950 1076 Coelum.
991 1024 1202 1076 Genes.
1235 1026 1285 1085 7,
1318 1027 1380 1076 in
1413 1024 1649 1076 historia
1681 1024 1909 1090 diluvij:
1943 1022 2152 1091 Abyssi
2189 1025 2396 1078 Terrae

105 1110 148 1146 10
194 1091 365 1159 rupti
373 1090 534 1159 sunt,
561 1095 626 1146 et
642 1091 975 1148 cataraetae
999 1095 1155 1148 Coeli
1172 1098 1411 1162 apertae
1421 1094 1583 1162 sunt,
1612 1098 1677 1148 et
1693 1093 1857 1148 facta
1877 1092 2193 1162 estpluvia
2204 1094 2400 1163 super

203 1164 473 1217 Terram.
501 1164 755 1217 ESAIAE
780 1166 871 1217 24:
905 1165 1064 1231 Ouia
1092 1164 1423 1220 cataradtae
1453 1166 1608 1219 Coeli
1631 1169 1871 1233 apertae
1887 1165 2049 1232 sunt,
2081 1170 2146 1220 et
2173 1181 2394 1220 concu-

196 1234 432 1289 tientur
456 1234 866 1290 fundamenta
904 1238 1126 1291 Terrae.
1160 1238 1364 1290 Psalm.
1395 1238 1474 1290 18:
1507 1235 1718 1304 Posuit
1744 1237 2040 1291 tenebras
2068 1237 2394 1291 latibulum

186 1304 385 1372 suum,
406 1305 472 1359 in
494 1306 759 1360 circuitu
781 1308 1170 1362 tabernaculi
1178 1307 1281 1375 sui
1299 1307 1688 1375 tenebrosam
1708 1323 1936 1375 aquam
1958 1311 2022 1362 et
2041 1308 2265 1376 densas
2285 1325 2393 1362 nu-

193 1377 322 1431 bes.
344 1378 549 1430 Psalm.
565 1379 680 1430 104:
705 1378 826 1443 Oui
838 1380 1165 1448 contignat
1174 1380 1240 1432 in
1255 1379 1439 1446 aquis
1454 1379 1862 1433 tabernacula
1867 1378 1909 1446 s
1905 1394 2001 1432 ua.
2023 1380 2202 1444 Quod
2216 1380 2393 1432 aethe-

102 1467 144 1502 15
193 1465 296 1502 rea
314 1452 474 1515 regio
495 1450 852 1502 circumfluis
876 1454 1048 1516 aquis
1073 1452 1302 1504 summo
1330 1454 1667 1515 extimoque
1694 1452 1919 1503 ambitu
1944 1452 2206 1511 inundet,
2235 1453 2395 1516 quod

192 1521 448 1574 nubibus
465 1521 651 1574 denfis
666 1528 869 1586 operta
883 1522 946 1575 fit
960 1529 1137 1588 atque
1152 1523 1472 1582 obscurata,
1495 1523 1655 1587 quod
1674 1522 1968 1575 interfusae
1989 1523 2192 1583 nubeS,
2216 1526 2394 1575 etiam

192 1598 255 1644 ut
280 1607 456 1656 aquae
481 1592 676 1645 sedem
701 1593 1036 1657 supremam
1060 1594 1372 1647 maiestatis
1399 1594 1617 1646 divinae
1637 1609 1675 1646 a
1694 1596 1901 1646 creatis
1927 1593 2235 1658 subtusque
2257 1610 2392 1646 con-

191 1663 358 1715 clufis
383 1666 656 1728 intraque
678 1664 813 1716 coeli
833 1665 1138 1726 ambitum,
1165 1665 1548 1718 circumflexu
1567 1665 1747 1717 huius
1768 1665 2199 1729 comprehensis
2220 1666 2394 1718 rebus

191 1734 473 1787 univerfis
505 1735 799 1796 dirimant,
835 1752 939 1788 cur
971 1736 1247 1797 dubitem,
1284 1739 1520 1789 intuens
1553 1734 1958 1789 auctoritatem
1992 1742 2046 1788 et
2077 1736 2256 1789 fidem
2287 1739 2393 1788 im-

95 1823 143 1858 20
191 1813 416 1858 motam
442 1807 660 1859 divinae
679 1809 938 1860 veritatis
964 1806 1305 1873 patefac'tae?
1332 1808 1446 1861 Sed
1467 1823 1602 1872 quae
1623 1807 1729 1859 fint
1750 1808 1854 1860 illa
1876 1807 2158 1872 repagula
2177 1815 2278 1860 aut
2298 1807 2391 1859 fir-

190 1884 508 1937 mamenta,
536 1893 672 1943 quae
694 1878 1017 1940 cataradtae,
1039 1896 1175 1944 quae
1196 1879 1408 1932 clausae
1429 1879 1685 1932 coelestes
1706 1895 1894 1943 aquas
1913 1879 2203 1944 pendulas
2224 1882 2286 1931 in
2305 1879 2391 1931 su-

188 1948 355 2000 blimi
378 1948 483 2001 sua
508 1955 723 2002 natura
747 1965 954 2015 graves
981 1958 1036 2003 et
1061 1960 1211 2003 nutu
1235 1954 1579 2016 impetuque
1605 1950 1708 2002 suo
1734 1953 1985 2002 nitentes
2006 1950 2276 2002 deorsum
2297 1951 2391 2003 de-

188 2022 391 2081 tinent,
427 2036 564 2085 quae
598 2020 815 2073 laxatae
850 2022 1053 2074 itidem
1084 2029 1187 2075 aut
1218 2023 1516 2087 adapertae
1549 2021 1780 2074 easdem
1814 2021 2194 2086 profundunt,
2231 2028 2296 2073 ut
2329 2024 2392 2073 in

189 2091 430 2151 diluvio,
460 2107 570 2144 nec
596 2092 893 2157 Scriptura
918 2094 1188 2158 prodidit,
1214 2109 1324 2145 nec
1348 2092 1842 2157 Philosophorum
1868 2092 2177 2157 quisquam
2203 2095 2392 2158 arguti

94 2180 140 2215 25
188 2164 404 2228 ingenij
438 2162 785 2216 coniecturis
816 2165 1231 2230 pervestigabit,
1264 2180 1374 2216 nec
1404 2167 1591 2229 magis
1623 2163 1736 2216 hoc
1764 2163 2213 2229 perscrutabitur
2242 2164 2390 2228 quis-

189 2249 388 2298 quam,
411 2250 593 2299 quam
614 2235 971 2300 explicatum
991 2236 1066 2288 est
1080 2252 1117 2288 a
1132 2251 1454 2300 quoquam,
1476 2235 1778 2300 quomodo
1798 2235 1914 2287 suis
1933 2234 2047 2286 sese
2067 2234 2309 2287 fultibus
2328 2237 2391 2286 in

187 2305 386 2358 medio
405 2306 614 2358 mundi
634 2306 803 2358 libret
821 2309 1135 2359 immotum
1148 2310 1363 2359 terreni
1377 2306 1532 2372 globi
1545 2306 1795 2371 ponduS.
1817 2305 1986 2358 Nihil
1999 2321 2245 2358 moveor
2259 2306 2388 2358 Phi·

187 2376 569 2440 losophorum
599 2377 1015 2442 quaestionibus
1043 2377 1538 2443 percontantibuS‚
1570 2384 1769 2429 utrum
1793 2377 1994 2438 Terra,
2025 2383 2224 2429 utrum
2252 2377 2389 2429 Coe-

187 2447 314 2499 lum
334 2447 397 2499 fit
416 2449 479 2499 in
497 2447 630 2500 loco
650 2464 754 2513 per
772 2448 828 2501 se
847 2449 943 2501 vel
962 2465 1066 2514 per
1085 2449 1372 2510 accidenS,
1395 2452 1537 2514 quia
1558 2455 1722 2501 extra
1737 2449 1978 2501 Coelum
1991 2464 2115 2500 non
2128 2448 2192 2500 fit
2205 2448 2387 2500 locus,

92 2536 139 2571 30
188 2518 303 2571 Sed
329 2520 595 2571 assentior
613 2518 944 2584 Scripturae,
973 2536 1108 2585 quae
1134 2521 1326 2573 induit
1351 2527 1406 2572 et
1431 2523 1690 2584 cooperit
1715 2520 1956 2586 systema
1977 2520 2186 2571 mundi
2206 2536 2387 2584 aqua-

187 2605 321 2642 rum
339 2590 498 2642 mole
514 2589 754 2652 fortasse,
774 2591 816 2643 si
835 2607 960 2644 non
974 2607 1152 2644 omne
1166 2593 1569 2657 undiquaque,
1591 2592 1842 2644 nubium
1855 2598 2055 2643 tamen
2068 2591 2389 2643 involucris

187 2676 382 2723 omne,
404 2677 540 2726 quae
554 2668 610 2714 et
624 2669 976 2715 concentum
996 2664 1166 2716 nobis
1183 2664 1351 2716 docet
1366 2664 1469 2715 esse
1484 2663 1936 2727 inexploratum,
1957 2662 2053 2714 sed
2068 2668 2292 2713 certum
2306 2669 2387 2714 ta-

61 2741 168 2785 lfisr
186 2748 326 2784 men
344 2739 398 2785 et
415 2733 850 2795 admirandum,
871 2736 1433 2799 accessurecessuque
1451 2737 1602 2786 inter
1618 2734 1870 2799 superna
1887 2740 1941 2785 et
1957 2732 2181 2793 infima,
2202 2729 2222 2801 ΙΙ
2239 2736 2390 2785 inter

187 2819 375 2868 aquas
402 2806 580 2856 etiam
606 2805 862 2858 coelestes
890 2813 944 2858 et
969 2809 1137 2867 imas,
1165 2822 1301 2870 quae
1329 2807 1584 2870 denique
1611 2820 1907 2869 aquarum
1933 2811 1989 2856 et
2013 2805 2263 2856 nubium
2287 2804 2386 2856 ob-

91 2893 138 2928 35
186 2874 352 2927 scura
381 2875 785 2928 tenebrositate
820 2877 988 2929 docet
1022 2848 1238 2930 secludi
1273 2884 1559 2929 aeternam
1589 2876 1784 2928 sedem
1816 2875 2136 2927 Maiestatis
2170 2876 2387 2927 divinae

186 2953 409 2999 aeterna
424 2946 555 2998 luce
571 2947 828 3011 plenam,
849 2951 912 3000 in
927 2964 1046 3013 qua
1060 2951 1342 3000 creaturis
1355 2949 1633 3000 inaccessa
1646 2946 1871 2999 habitat
1886 2947 2177 3006 divinitaS‚
2200 2962 2237 2998 a
2255 2946 2387 2998 luce

187 3023 242 3069 et
259 3017 391 3069 sede
412 3025 607 3070 creata
625 3018 989 3071 inferiorum.
1012 3019 1172 3083 Quid
1190 3022 1350 3072 enim
1366 3019 1458 3071 his
1474 3018 1578 3070 est
1564 3035 1627 3070 m
1641 3018 1844 3083 Biblijs
1860 3016 2257 3070 manifestius}>
2277 3018 2386 3069 Ra·

185 3091 435 3140 tiocinor
454 3089 591 3141 inde
613 3096 668 3142 et
686 3090 875 3142 multa
894 3091 966 3142 de
987 3090 1171 3143 caufis
1192 3106 1416 3151 eorum,
1445 3105 1581 3154 quae
1602 3092 1665 3141 in
1687 3089 1861 3142 Coelo
1883 3096 2078 3141 creato
2101 3089 2273 3141 nobis
2294 3104 2387 3140 oc-

186 3166 444 3219 currunt,
474 3166 538 3212 ut
566 3160 639 3212 de
670 3161 827 3213 Coeli
856 3161 1052 3214 colore
1081 3162 1437 3226 sapphirinO,
1469 3163 1570 3225 qui
1599 3161 1855 3212 interdiu
1884 3158 2182 3224 noctuque
2213 3160 2387 3212 Coelo

91 3248 138 3283 40
185 3230 390 3282 sereno
405 3231 766 3295 conspicitur,
788 3232 1121 3284 dissimiliter
1134 3240 1351 3293 tamen,
1370 3232 1585 3284 clarius
1600 3239 1654 3284 et
1667 3231 1947 3296 liquidius
1962 3232 2071 3291 die,
2088 3231 2386 3283 obscurius

186 3300 371 3362 nocte,
393 3301 465 3353 de
486 3302 844 3355 dissimilibus
859 3303 1015 3356 Coeli
1034 3304 1312 3368 partibuS‚
1335 3304 1406 3355 de
1420 3306 1519 3355 via
1532 3301 1734 3361 lactea,
1757 3303 1970 3367 quibus
1985 3305 2211 3354 nemini
2230 3302 2386 3367 leges

187 3379 243 3425 et
256 3372 532 3437 dogmata
544 3372 686 3435 fem,
701 3373 797 3426 sed
812 3373 1176 3428 coniecturas
1190 3377 1369 3427 recito
1385 3390 1457 3426 ex
1472 3374 1587 3425 Dei
1600 3374 1797 3434 verbo,
1816 3373 2160 3496 relinquen‘s1
2171 3388 2385 3496 exgen-

327 3455 395 3490 24·
2165 3460 2239 3496 en
2282 3459 2385 3496 um
