2644 4030
75 737 163 782 41v

94 1814 141 1850 20

95 2172 142 2207 2⁵

97 2884 144 2919 35

80 2947 163 2991 42r

400 301 705 355 TYCHO
732 301 854 354 AD
882 301 1292 355 IACOBUM
1319 301 1728 355 CURTIUM
1755 303 1775 354 l
1801 302 2002 355 AUG.
2031 302 2176 356 1590
2285 302 2388 356 257

188 444 390 509 amplo
408 452 463 497 et
478 444 780 510 splendido
798 447 1095 506 comitatu,
1116 444 1339 497 nostros
1355 444 1453 497 1116
1470 445 1650 498 Lares
1667 445 1943 497 accedere
1958 461 2082 498 non
2096 445 2390 511 dedignati

187 515 332 568 sunt.
353 516 578 569 Verum
596 523 661 568 ut
680 516 890 578 dicam,
912 517 1071 581 quod
1091 531 1183 568 res
1205 516 1296 577 est,
1316 518 1634 582 paucissimi
1654 519 1803 569 inter
1816 520 1975 569 viros
1988 517 2084 569 vel
2102 517 2389 582 prosapiae

188 587 552 649 claritudine,
578 587 674 639 vel
699 586 896 640 officio
922 587 1126 652 aliquo
1153 590 1371 640 eximio
1397 588 1572 640 rebus
1598 588 1851 640 Politicis
1878 586 2138 641 addictos
2164 590 2389 640 inveni-

187 665 383 720 untur,
405 662 507 724 qui
527 659 656 711 1186
676 659 861 711 studia
879 661 1134 723 penitius
1155 659 1539 711 excoluerunt
1559 666 1661 711 aut
1680 659 1931 711 solidum
1945 660 2207 724 aliquem
2220 662 2283 711 in
2297 659 2389 711 his

188 731 539 795 progressum
565 725 850 798 as-nsecuti
870 729 1015 791 sunt,
1042 737 1171 782 utut
1190 730 1377 782 videri
1395 730 1604 782 volunt
1623 730 1998 795 aliquatenus
2019 747 2091 783 ea
2109 730 2390 795 suspicere

189 807 244 853 et
268 801 436 853 nullo
462 816 587 853 non
611 803 675 852 in
699 803 886 866 pretio
913 800 1149 853 habere.
1176 801 1316 853 Ideo
1342 801 1534 854 nostra
1559 804 1802 855 inventa
1827 809 2004 867 atque
2024 802 2274 854 fabricas
2294 802 2391 853 hic

187 873 490 934 intuend0‚
511 871 791 936 quorsum
811 874 1015 923 omnia
1034 871 1284 936 speaent
1305 879 1360 924 et
1380 880 1666 937 quantam
1683 873 2184 926 observationibus
2199 873 2390 924 Astro-

187 946 438 995 nomicis
457 946 564 995 rite
584 943 932 1008 peragendis
957 944 1481 1008 promptitudinem
1501 947 1630 1008 pari
1650 945 1995 996 certitudine
2016 943 2391 996 coniunctam

187 1015 505 1079 praebeant,
531 1029 746 1079 parum
772 1013 1119 1066 discernunt.
1148 1014 1208 1066 Si
1234 1017 1432 1079 itaque
1459 1031 1659 1067 rerum
1683 1015 1900 1068 harum
1926 1016 2312 1081 intelligentes
2337 1021 2392 1067 et

188 1088 452 1152 gnaviter
472 1086 668 1151 cupidi
689 1085 807 1137 huc
827 1085 1171 1137 accederent
1198 1085 1371 1149 (inter
1391 1101 1542 1150 quos
1561 1093 1617 1138 te
1636 1090 2004 1152 praecipuum
2025 1088 2288 1139 obtinere
2308 1087 2390 1138 lo-

188 1172 341 1218 cum,
363 1164 419 1209 et
437 1156 948 1209 THADDAEUM
969 1159 1147 1209 etiam
1167 1156 1443 1217 nostrum,
1464 1157 1597 1209 satis
1611 1158 1759 1210 mihi
1774 1158 2035 1210 conscius
2050 1158 2199 1222 sum)
2220 1158 2391 1210 facile

186 1244 294 1293 pro
319 1238 424 1281 tua
448 1228 677 1281 summa
702 1227 1016 1293 prudentia
1038 1227 1356 1289 aestimaris,
1384 1244 1567 1292 quam
1585 1229 1645 1280 id
1664 1229 1812 1281 foret
1830 1229 1979 1281 mihi
1999 1230 2267 1293 plurimis
2288 1245 2391 1281 no-

187 1300 447 1352 minibus
465 1299 639 1366 longe
659 1300 1049 1365 gratissimum.
1071 1298 1185 1351 Sed
1206 1306 1269 1351 ut
1288 1314 1396 1351 vos
1415 1299 1512 1351 hic
1531 1300 1845 1364 praesentes
1861 1307 2138 1365 exoptare
2154 1301 2393 1364 quidem

188 1371 336 1423 mihi
361 1371 685 1437 pervolupe
711 1370 790 1432 fit,
819 1373 946 1423 eius
971 1377 1172 1423 tamen
1191 1385 1288 1422 me
1308 1373 1430 1422 voti
1450 1378 1784 1436 compotem
1804 1371 1948 1431 fieri,
1977 1372 2319 1436 amplissima
2339 1378 2394 1423 et

188 1442 504 1508 magnifica
528 1449 633 1495 tua
657 1440 896 1502 fundtio,
924 1457 1044 1506 qua
1070 1442 1283 1494 assidue
1309 1442 1469 1507 apud
1491 1442 1826 1494 Caesaream
1853 1443 2220 1495 Maiestatem
2247 1443 2392 1494 disti-

188 1516 362 1574 neriS‚
394 1513 916 1578 THADDAEIque
951 1513 1357 1578 ingravescens
1391 1512 1619 1565 senium
1653 1513 2124 1578 haudquaquam
2159 1516 2391 1578 permit-

187 1591 324 1638 tent.
338 1585 419 1638 Ut
431 1593 632 1638 tamen
646 1584 1022 1650 aliquatenus
1033 1600 1170 1650 mea
1180 1584 1576 1637 observatoria
1589 1585 1970 1637 instrumenta
1984 1585 2220 1637 noscere
2235 1586 2393 1649 possi-

187 1659 276 1717 tis,
289 1657 668 1722 quorundam
678 1655 966 1708 modellas
975 1655 1063 1720 (ut
1071 1655 1308 1720 vocant)
1320 1662 1552 1721 petente
1566 1657 1625 1708 id
1640 1672 1677 1709 a
1689 1672 1786 1708 me
1800 1672 1904 1721 per
1916 1656 2114 1708 literas
2129 1657 2394 1708 Domino

187 1727 639 1789 THADDAEO,
661 1728 805 1780 dum
825 1727 922 1779 hic
941 1734 1208 1779 moratur
1220 1727 1607 1789 TabellariuS,
1629 1727 1873 1780 confieri
1889 1729 2026 1788 iussi‚
2049 1743 2197 1792 quas
2218 1730 2396 1779 etiam

188 1799 356 1852 vobis
385 1799 766 1864 asportandas
795 1798 880 1851 illi
907 1798 1136 1851 tradidi.
1167 1798 1228 1851 Si
1258 1814 1440 1863 quam
1468 1814 1740 1851 mearum
1768 1802 1831 1850 in
1859 1799 1953 1851 his
1980 1797 2395 1851 structurarum

188 1871 385 1924 ideam
405 1871 541 1923 inde
562 1873 869 1936 concipere
889 1877 1066 1935 atque
1088 1869 1291 1934 (modo
1305 1873 1387 1923 ita
1399 1870 1654 1934 libuerit)
1675 1873 1894 1922 imitari
1914 1871 2098 1931 detur,
2121 1871 2396 1934 equidem

188 1942 435 1995 libenter
454 1942 514 1995 id
532 1943 724 1994 video,
753 1941 867 1994 Sed
885 1957 1110 2002 vereor,
1138 1948 1202 1994 ut
1228 1958 1302 1994 ex
1323 1948 1446 1994 tam
1465 1944 1664 2007 parvis
1683 1942 1951 1994 iconibus
1971 1942 2250 2006 ipfissimae
2270 1957 2393 1993 ma-

190 2013 384 2066 chinae
404 2014 680 2066 omnibus
699 2012 816 2065 suis
834 2013 1098 2078 partibus
1117 2012 1251 2065 satis
1272 2012 1532 2066 absolute
1552 2013 1988 2078 perspiciantur,
2016 2028 2152 2065 cum
2172 2012 2397 2078 lingula

188 2091 312 2138 tam
332 2087 544 2151 exigua
563 2084 758 2137 forma
777 2084 1181 2150 repraesentari
1200 2092 1517 2150 nequeant.

262 2156 353 2208 Est
372 2157 585 2209 deinde
603 2163 817 2222 praeter
833 2156 951 2208 alia
968 2156 1339 2221 summopere
1353 2155 1468 2208 hoc
1482 2155 1631 2208 mihi
1644 2162 1891 2221 gratum,
1914 2156 2072 2220 quod
2087 2155 2267 2207 literis
2281 2157 2396 2206 tuis

190 2228 342 2280 adeo
359 2228 607 2280 candide
628 2229 700 2280 de
720 2230 869 2279 meis
887 2227 1106 2292 scriptis
1126 2228 1411 2280 iudicium
1430 2228 1672 2292 profem,
1694 2230 2015 2291 omniaque
2030 2230 2093 2278 in
2106 2229 2397 2291 potiorem

190 2306 418 2365 partem
438 2301 850 2364 interpretaris
873 2299 1177 2351 Existimas
1198 2305 1398 2351 autem
1419 2314 1538 2360 603,
1560 2302 1662 2363 qui
1675 2314 1783 2363 pro
1797 2299 2018 2350 tuenda
2032 2297 2398 2349 Aristotelaea

191 2373 474 2436 opinione
493 2371 659 2432 mihi,
683 2370 843 2436 quod
865 2370 1146 2423 Cometas
1165 2373 1230 2422 in
1249 2370 1469 2422 aethere
1489 2373 1786 2435 procreari
1806 2371 2060 2430 asseram,
2088 2369 2395 2421 adversan-

190 2448 300 2502 tur,
321 2442 380 2494 id
400 2442 602 2494 saltem
621 2444 685 2494 in
704 2441 971 2507 speciem,
993 2448 1048 2494 et
1068 2441 1211 2494 dicis
1231 2441 1405 2494 causa
1426 2441 1513 2506 (ut
1533 2441 1923 2493 Iurisconsulti
1942 2439 2289 2504 loquuntur)
2311 2439 2393 2491 fa-

192 2528 339 2574 cere,
360 2529 480 2579 quo
496 2513 670 2578 plura
684 2514 759 2566 ad
773 2516 1078 2565 veritatem
1093 2512 1471 2565 enodandam
1486 2512 1735 2564 eliciant.
1759 2513 1828 2564 Et
1846 2512 1987 2564 solet
2007 2512 2245 2576 quidem
2266 2526 2397 2562 mos

190 2583 287 2636 hic
302 2585 405 2637 esse
420 2585 815 2650 quorundam,
837 2587 940 2649 qui
959 2587 1356 2650 ignorantiam
1377 2590 1576 2648 aperte
1596 2583 1764 2635 fateri
1786 2583 2143 2643 erubescunt,
2165 2589 2229 2634 ut
2247 2585 2395 2634 veri-

190 2658 296 2708 tati
315 2656 454 2708 data
473 2671 655 2720 opera
675 2655 1147 2715 contradicendo,
1174 2655 1234 2706 id
1262 2656 1421 2719 quod
1440 2654 1580 2706 scire
1601 2661 1793 2715 avent,
1822 2654 2059 2718 oblique
2087 2661 2394 2718 extorque-

192 2733 310 2779 ant.
339 2726 609 2792 Suspicor
627 2733 829 2779 tamen
848 2726 998 2786 11103,
1026 2729 1127 2791 qui
1147 2725 1202 2778 se
1222 2732 1374 2778 totos
1394 2726 1857 2778 ARISTOTELI
1877 2726 2245 2786 addixerunt,
2273 2740 2397 2776 non

193 2813 266 2851 eo
295 2801 539 2850 nomine
567 2797 682 2850 hoc
711 2812 900 2863 agere,
930 2805 994 2849 ut
1021 2798 1255 2849 latentis
1284 2797 1643 2849 certitudinis
1671 2797 2007 2849 abscondita
2034 2799 2097 2848 in
2127 2803 2397 2861 apertum

193 2870 502 2930 deducant,
534 2869 630 2921 sed
660 2871 872 2934 potiuS‚
906 2875 970 2920 ut
997 2871 1373 2933 praeceptoris
1401 2868 1488 2919 sui
1517 2869 1763 2927 decreta,
1793 2875 1877 2919 tot
1905 2870 2026 2920 iam
2054 2867 2259 2919 seculis
2288 2883 2395 2932 pro

193 2940 546 2993 authenticis
565 2940 784 3000 habita,
806 2935 828 3008 ΙΙ
849 2942 1072 3005 integra
1093 2939 1434 2991 conservent
1454 2946 1630 3003 atque
1650 2946 2036 3004 propugnent.
2066 2939 2394 2991 Satis-enim
2439 2978 2445 2982 .

192 3012 409 3072 vident,
437 3012 596 3077 quod
623 3012 880 3063 concesso
906 3010 1037 3071 1106,
1067 3011 1347 3063 Cometas
1367 3012 1430 3062 in
1450 3010 1713 3062 altissimo
1740 3011 1959 3062 aethere
1978 3010 2210 3070 versari,
2238 3025 2396 3075 mag-

193 3099 337 3136 nam
362 3090 590 3148 partem
615 3081 1008 3146 Philosophiae
1029 3082 1425 3142 Aristotelicae,
1449 3081 1768 3146 praesertim
1791 3091 2082 3146 quantum
2105 3082 2180 3133 ad
2203 3081 2396 3133 Coele-

193 3154 296 3207 stia
312 3161 368 3206 et
385 3154 712 3206 Meteorica
731 3156 934 3205 attinet
956 3153 1042 3217 (ut
1062 3155 1240 3205 etiam
1259 3168 1466 3205 revera
1484 3152 1787 3217 plaeraque
1807 3156 1870 3204 in
1890 3153 1982 3204 his
2001 3153 2235 3218 prorsus
2255 3152 2398 3204 falsa

194 3224 347 3289 sunt)
373 3227 607 3290 penitus
628 3224 1029 3284 collabascere,
1056 3224 1231 3289 seque
1254 3224 1391 3276 inde
1413 3225 1684 3289 deceptos
1704 3224 1909 3276 frustra
1928 3231 2164 3276 aetatem
2183 3224 2397 3276 talibus

195 3298 366 3362 nugis
395 3295 807 3361 consumpfisse.
842 3295 956 3348 Sed
985 3302 1184 3348 utrum
1215 3295 1433 3347 horum
1464 3295 1543 3355 fit,
1574 3298 1636 3347 111
1667 3296 1864 3347 medio
1897 3296 2253 3360 relinquenS‚
2290 3311 2396 3359 ego

196 3368 453 3433 quidem,
474 3374 765 3432 quantum
784 3369 848 3419 111
867 3382 963 3419 1116
985 3366 1075 3427 est,
1098 3382 1234 3432 quae
1255 3367 1475 3419 coelum
1491 3366 1679 3432 ipsum
1695 3382 1800 3432 per
1815 3375 2118 3419 accuratas
2133 3366 2396 3418 observa-

338 3449 385 3484 33
2209 3440 2398 3489 tiones
