2664 4030
87 1024 164 1067 15¹

87 2809 170 2853 15v

426 300 731 355 TYCHO
758 302 880 354 AD
907 301 1176 355 THAD.
1205 302 1697 356 HAGECIUM
1724 303 1787 355 12
1815 303 2003 356 OCT.
2032 305 2165 357 1581
2328 305 2396 358 67

195 444 604 498 Astronomico
617 444 1021 510 (instrumento
1035 445 1318 511 peculiari
1331 461 1369 498 a
1381 444 1552 498 nobis
1566 445 1669 498 tali
1682 444 2123 499 machinatione
2137 449 2396 508 invento,

195 522 260 568 ut
284 531 388 581 per
412 516 527 569 hoc
551 516 725 582 longe
750 515 996 577 faciliuS,
1024 517 1393 569 commodius
1420 522 1475 569 et
1501 515 1776 578 exactiuS,
1807 533 1990 582 quam
2014 533 2119 583 per
2144 518 2398 571 Radium

194 587 488 640 stellarum
517 590 826 653 capiantur
853 587 1343 653 intercapedines)
1373 587 1735 653 deprehendi
1762 591 1942 653 partis
1968 590 1989 641 l
2017 592 2160 642 min.
2188 590 2245 642 16
2273 605 2396 642 uno

194 658 396 711 saltem
426 658 698 724 scrupulo
728 674 881 723 pene
913 658 1223 712 insensibili
1254 666 1358 712 tua
1389 658 1657 712 distantia
1686 662 1993 721 maiorem,
2030 676 2165 725 quae
2196 667 2398 713 tamen

195 728 526 782 differentia
541 745 649 795 pro
662 729 776 782 hac
789 733 1005 782 terreni
1018 731 1174 783 orbis
1190 730 1455 783 distantia
1468 730 1544 783 ad
1559 734 1834 796 quintum
1847 731 2029 796 usque
2042 732 2396 797 scrupulum,

193 800 235 852 fl
254 803 318 852 in
336 800 458 866 ipsa
478 803 845 853 convexitate
866 802 1023 856 orbis
1042 802 1230 854 Lunae
1250 802 1430 854 fuisset
1450 802 1717 862 Cometa,
1740 804 2081 865 excrevisset,
2105 803 2397 869 longeque

193 871 342 936 pluS,
363 871 406 923 fi
424 871 519 924 vel
539 875 602 924 in
621 874 859 938 regione
884 875 1058 938 ignea
1084 873 1287 938 (modo
1310 873 1512 938 aliqua
1531 873 1700 938 foret)
1721 874 1817 926 vel
1835 874 2206 939 supremitate
2226 878 2396 935 aeriS,

194 949 258 995 ut
277 942 380 995 diu
399 942 543 996 falso
563 946 789 1009 opinati
807 943 938 996 sunt
957 960 1165 997 omnes
1184 944 1546 1006 Aristotelici‚
1574 944 1868 998 exarfisset.
1896 945 1989 999 Sic
2009 946 2103 998 die
2124 948 2302 998 etiam
2321 947 2397 999 21.

196 1012 464 1067 Ofiobris
484 1010 505 1083 ΙΙ
526 1030 662 1067 cum
683 1014 935 1068 Cometa
955 1017 1081 1068 esset
1100 1019 1405 1082 proximus
1424 1015 1638 1069 lucidae
1657 1017 1914 1081 Aquilae,
1942 1019 1995 1069 ei
2017 1017 2192 1070 stellae
2213 1033 2251 1070 a
2270 1033 2396 1070 ver-

194 1088 303 1138 tice
323 1088 658 1148 imminens,
680 1086 933 1139 eandem
945 1086 1122 1152 plane
1136 1094 1331 1140 tecum
1345 1088 1706 1153 deprehendi
1720 1087 2063 1141 distantiam.
2085 1089 2246 1141 Nam
2265 1089 2398 1141 licet

194 1156 323 1209 haec
343 1156 494 1210 hora
513 1157 548 1210 8
567 1173 691 1210 uno
710 1157 981 1223 scrupulo
1002 1158 1172 1211 nobis
1192 1161 1389 1211 minor
1401 1159 1523 1211 visa
1536 1159 1725 1221 fuerit,
1745 1165 1947 1212 tamen
1960 1159 2142 1225 usque
2157 1160 2232 1212 ad
2247 1160 2396 1212 deci-

192 1243 356 1281 mam
376 1228 532 1280 hanc
553 1228 1018 1282 observationem
1039 1230 1443 1283 continuando
1465 1230 1741 1295 exquifite
1761 1247 1816 1296 p.
1832 1231 1866 1283 6
1878 1247 1955 1284 m.
1971 1231 2040 1282 22
2060 1231 2396 1297 apparebat,

195 1300 354 1365 quod
376 1315 511 1352 cum
531 1306 635 1353 tua
654 1303 1038 1353 annotatione
1058 1301 1324 1366 adprime
1344 1300 1641 1354 consentit.
1663 1302 1734 1354 Et
1750 1302 2255 1366 quemadmodum
2269 1302 2398 1355 fieri

193 1374 440 1423 minime
468 1374 672 1437 potuit,
705 1378 769 1424 ut
797 1372 1112 1424 intervallo
1141 1372 1396 1424 duarum
1428 1371 1714 1425 horarum
1742 1372 1944 1425 saltem
1974 1388 2097 1425 uno
2126 1373 2397 1438 scrupulo

194 1445 449 1495 variaret
475 1458 512 1495 a
536 1442 658 1495 fixa
684 1442 951 1496 Cometae
980 1443 1083 1495 illa
1111 1443 1393 1504 distantia,
1420 1442 1461 1495 fi
1486 1443 1761 1496 senfibilis
1788 1444 2112 1497 admodum
2141 1444 2398 1497 adfuisset

194 1513 530 1579 parallaxiS‚
545 1514 618 1566 fic
633 1517 812 1567 etiam
824 1514 1136 1567 intervallo
1150 1515 1184 1567 6
1197 1514 1490 1580 graduum
1504 1515 1660 1568 orbis
1674 1515 1965 1577 terrestris,
1981 1516 2141 1580 quod
2157 1515 2232 1568 est
2248 1518 2399 1568 inter

193 1587 279 1637 tui
301 1591 355 1637 et
375 1585 549 1637 nostri
568 1585 682 1637 loci
703 1585 1185 1647 observationem,
1211 1586 1463 1639 eandem
1484 1586 1695 1639 eodem
1715 1594 1978 1652 tempore
1999 1587 2234 1652 praecise
2255 1587 2398 1639 obti-

193 1671 334 1708 nere
353 1657 503 1721 posse
524 1672 561 1709 a
580 1655 712 1708 fixis
733 1656 1062 1710 distantiam
1076 1673 1288 1722 corpus
1302 1657 1545 1723 aliquod
1559 1658 1732 1711 Luna
1744 1657 2005 1719 inferius,
2027 1657 2401 1711 Mathemata

193 1727 537 1793 intelligenti
569 1743 694 1780 non
724 1728 1179 1793 persuadebitur.
1215 1728 1440 1782 Obtulit
1472 1735 1673 1782 autem
1700 1730 1757 1782 se
1787 1745 1859 1782 eo
1889 1731 1982 1782 die
2013 1736 2213 1795 optata
2241 1745 2397 1781 com-

193 1798 447 1851 moditas
466 1799 542 1852 ad
562 1799 826 1851 Vulturis
845 1799 1067 1852 stellam
1086 1799 1420 1865 parallaxes
1441 1801 1839 1862 examinandi,
1868 1817 1940 1854 eo
1967 1801 2127 1867 quod
2148 1801 2400 1854 Cometa

193 1876 320 1923 tum
345 1873 626 1936 temporis
651 1873 715 1923 in
739 1870 872 1924 loco
897 1871 984 1923 sui
1010 1871 1211 1924 circuli
1230 1871 1571 1934 versaretur,
1599 1875 1702 1938 qui
1726 1875 2043 1925 minimum
2069 1888 2106 1925 a
2130 1872 2290 1925 stella
2315 1872 2397 1924 di-

193 1941 376 2003 staret,
398 1957 650 2007 eamque
667 1942 743 1995 ad
761 1942 1010 2008 angulos
1027 1941 1214 1996 rectos
1234 1943 1526 2008 aspiceret,
1547 1944 1706 1997 unde
1727 1947 1905 1997 etiam
1925 1959 2029 2009 per
2048 1944 2274 2008 aliquot
2292 1943 2397 1995 ho-

194 2028 290 2065 ras
317 2028 390 2065 ex
414 2019 581 2066 motu
606 2016 846 2079 proprio
867 2013 1135 2067 Cometae
1162 2014 1330 2067 nulla
1354 2030 1506 2080 pene
1525 2014 1801 2068 sensibilis
1826 2015 2198 2081 ingerebatur
2222 2017 2397 2066 inter-

195 2084 550 2150 capedinum
576 2084 922 2147 differentia,
949 2085 1202 2151 ideoque
1229 2085 1495 2139 distantia
1518 2085 1722 2138 saltem
1749 2089 1979 2140 ratione
2007 2085 2395 2151 parallaerS‚

193 2155 235 2208 fi
255 2171 375 2221 qua
393 2155 589 2217 fuisset,
615 2159 820 2209 tamin
840 2157 1075 2209 diverfis
1095 2157 1397 2221 dissitisque
1417 2157 1861 2218 HorizontibuS‚
1884 2173 2066 2222 quam
2085 2160 2149 2209 in
2169 2157 2396 2216 eodem,

194 2227 296 2280 ubi
320 2226 646 2292 plurimum
671 2234 915 2280 mutatae
940 2227 1131 2280 forent
1155 2228 1331 2280 stessae
1355 2227 1708 2289 altitudineS,
1735 2229 2045 2281 necessario
2064 2228 2398 2281 sensibiliter

193 2301 412 2351 variari
432 2299 693 2359 debebat,
715 2301 883 2351 cuius
902 2305 1103 2351 tamen
1124 2301 1485 2351 contrarium
1505 2299 1578 2352 ab
1600 2306 1850 2364 utroque
1870 2300 2130 2352 nostrum
2149 2299 2398 2365 pulchra

195 2376 251 2421 et
271 2369 553 2434 exquifita
573 2373 988 2422 convenientia
1006 2369 1434 2435 deprehensum
1459 2371 1549 2433 est,
1576 2377 1640 2423 ut
1659 2371 1755 2423 vel
1773 2371 1887 2423 hoc
1906 2370 2028 2423 solo
2049 2377 2396 2436 argumento

195 2443 466 2493 convinci
484 2441 660 2505 possit,
682 2441 996 2493 Cometam
1016 2441 1185 2493 illum
1204 2441 1377 2507 longe
1390 2441 1564 2507 supra
1577 2442 1765 2494 Lunae
1781 2442 1951 2494 orbes
1965 2445 2027 2494 in
2041 2442 2163 2507 ipso
2178 2442 2397 2494 aethere

194 2511 390 2564 sedem
417 2511 519 2564 fibi
548 2511 821 2577 delegisse.
853 2513 1049 2577 Atque
1081 2512 1211 2565 haec
1243 2513 1315 2565 de
1346 2512 1461 2565 hoc
1490 2513 1699 2565 ultimo
1730 2514 1980 2566 Cometa
2010 2520 2206 2565 tecum
2236 2529 2397 2565 nunc

194 2582 469 2636 brevibus
489 2583 782 2635 contulisse
802 2583 1063 2637 sufficiat.
1091 2584 1156 2636 Id
1175 2584 1377 2637 saltem
1398 2583 1981 2638 commonefac‘tionis
2006 2584 2139 2636 loco
2162 2584 2396 2636 subiun-

194 2669 347 2720 gam,
377 2654 834 2707 declinationem
861 2654 1161 2708 lucidioris
1190 2654 1366 2707 Rellae
1395 2658 1459 2707 in
1488 2657 1675 2721 capite
1701 2655 1896 2721 Pegasi
1921 2671 1958 2708 a
1982 2662 2038 2707 te
2067 2655 2101 2708 8
2128 2657 2396 2720 proxime

194 2725 477 2791 scrupulis
496 2725 641 2778 iusto
661 2729 951 2779 maiorem
970 2727 1305 2792 assignatam
1329 2727 1448 2779 esse.
1476 2727 1605 2779 Nos
1632 2729 1792 2779 enim
1817 2726 2129 2791 aliquoties
2154 2726 2268 2787 hic,
2295 2726 2397 2779 ubi

194 2796 372 2849 Polus
399 2796 662 2849 elevatur
681 2798 749 2851 55
770 2814 824 2863 p.
845 2798 946 2853 54}
964 2813 1060 2859 m.‚
1088 2800 1215 2850 eius
1235 2793 1256 2867 ΙΙ
1276 2797 1645 2851 altitudinem
1664 2800 1991 2850 maximam
2011 2796 2396 2863 deprehendi-

194 2883 328 2920 mus
342 2868 412 2921 38
424 2883 479 2933 p.
494 2867 564 2920 20
576 2884 653 2920 m.
670 2869 964 2934 exquifite.
986 2869 1245 2934 Ideoque
1259 2869 1332 2922 ab
1347 2869 1672 2934 AEquatore
1687 2869 1939 2922 declinat
1951 2885 2007 2934 p.
2021 2870 2054 2920 4
2068 2884 2145 2920 m.
2161 2869 2264 2930 1421,
2282 2867 2397 2920 five

196 2939 539 3004 quadrantis
564 2942 650 2992 tui
675 2943 933 3006 parvitas
959 2940 1206 3005 ususque
1232 2956 1357 2992 non
1381 2940 1515 2993 satis
1538 2939 1792 3001 exaffluS,
1818 2940 1934 2993 five
1953 2939 2250 3006 Pragenfis
2274 2939 2397 3004 poli

196 3010 464 3071 elevati0‚
486 3027 668 3076 quam
687 3018 751 3063 tu
771 3027 808 3064 a
826 3011 1118 3064 veteribus
1132 3014 1331 3063 minus
1345 3011 1492 3064 forte
1506 3011 1834 3077 scrupulose
1846 3011 2121 3064 traditam
2133 3026 2242 3076 pro
2255 3026 2398 3063 vera

196 3084 421 3146 recipiS‚
441 3081 556 3134 five
578 3085 756 3135 etiam
776 3085 838 3134 in
857 3089 1108 3147 utroque
1128 3082 1345 3135 horum
1366 3082 1579 3148 aliquis
1595 3082 1774 3135 lateat
1788 3098 1965 3144 error,
1987 3098 2166 3147 quem
2179 3081 2398 3147 tibiipsi

197 3153 663 3205 examinandum
683 3153 1211 3220 corrigendumque
1232 3153 1520 3219 relinquo,
1542 3154 1636 3206 De
1657 3154 2000 3206 certitudine
2015 3156 2175 3206 enim
2188 3153 2397 3205 nostrae

197 3222 617 3276 observationis
637 3240 713 3277 ne
732 3227 796 3277 in
815 3240 939 3277 uno
959 3225 1200 3290 quidem
1218 3224 1489 3290 scrupulo
1509 3225 1862 3278 haefitamus.
1886 3226 2020 3278 Pari
2039 3227 2267 3277 ratione
2287 3239 2397 3276 nos

197 3294 407 3346 eodem
435 3293 529 3347 die
559 3295 632 3347 13.
664 3294 932 3348 Cometae
960 3295 1151 3361 ipfiuS,
1182 3311 1255 3348 ex
1284 3295 1590 3349 altitudine
1619 3297 1965 3358 meridiana,
1996 3312 2131 3361 quae
2161 3311 2198 3348 a
2226 3295 2397 3347 nobis

197 3364 559 3431 deprehensa
572 3365 647 3419 est
660 3382 714 3432 p.
730 3367 799 3420 37
813 3382 890 3419 m.
906 3368 985 3428 71,
1007 3366 1461 3420 declinationem
1475 3367 1508 3420 3
1522 3383 1571 3434 g.
1587 3368 1622 3420 2
1633 3383 1710 3420 m.
1726 3368 1979 3433 ideoque
1992 3368 2026 3420 5
2039 3369 2281 3419 minutis
2294 3372 2397 3417 tua

338 3447 385 3483 9'
2104 3440 2397 3490 minorem
