2644 4030
106 2892 153 2928 35

471 300 776 362 TYCHO
803 308 925 360 AD
953 307 1426 361 CASPARUM
1452 308 1933 361 PEUCERUM
1961 309 2106 361 1590
2285 310 2388 361 233

188 451 413 504 luentia
432 450 810 517 intelligenda
830 451 951 511 esse,
978 453 1204 503 nemini
1230 450 1306 503 est
1331 450 1594 503 dubium.
1622 450 1684 503 Si
1704 453 1865 502 enim
1884 466 2059 515 aquae
2079 451 2214 511 illae,
2242 467 2391 516 quas

188 522 362 587 supra
388 520 659 575 octavam
683 525 772 574 vis
799 523 902 575 esse
927 522 1236 587 sphaeram,
1263 522 1465 575 saltem
1490 524 1731 574 unicam
1750 522 1846 573 vel
1866 522 2171 575 dimidiam
2190 522 2391 574 Terrae

190 594 566 646 Diametrum
585 597 649 645 in
667 593 772 646 sua
791 593 1068 646 denfitate
1089 601 1392 659 occupent,
1414 593 1573 658 quod
1587 593 1724 646 sane
1740 609 1921 658 quam
1935 596 2251 645 minimum
2266 595 2393 645 esset

189 662 449 730 respectu
467 671 647 717 tantae
668 663 1153 722 circumferentiae
1176 671 1230 717 et
1248 680 1357 730 pro
1380 664 1488 717 usu
1511 664 1632 725 illo,
1660 680 1840 729 quem
1864 665 2069 717 tribuis
2096 666 2172 717 ad
2198 665 2392 717 lucem

190 738 516 788 increatam
547 751 584 788 a
615 738 912 795 creaturiS,
947 736 1128 788 modo
1160 737 1219 788 id
1250 737 1353 789 tibi
1385 736 1830 789 concedendum
1862 735 2025 796 foret,
2059 737 2393 797 arcendam,

191 822 445 872 cumque
475 807 551 859 ad
579 806 736 859 hanc
765 805 1035 859 octavam
1063 807 1356 871 sphaeram
1383 808 1819 859 terminandam
1844 807 1951 859 fint
1976 807 2052 859 ad
2078 810 2394 859 minimum

191 878 357 931 14000
388 878 603 931 Semid.
629 877 831 930 Terrae
863 880 1028 930 iuxta
1059 878 1314 930 nostram
1345 878 1756 944 hypothefium
1789 878 2129 931 Coeleftium
2162 879 2394 930 ordina-

190 952 415 1002 tionem
442 949 626 1014 (quod
652 955 708 1000 et
733 948 1092 1001 Ptolemaica
1117 949 1294 1002 20000
1320 952 1544 1002 circiter
1570 950 1783 1003 Semid.
1811 953 2071 1015 requirat
2095 956 2150 1002 et
2174 950 2394 1016 Coper-

191 1024 362 1073 nicea
380 1020 696 1086 speculatio
721 1023 784 1071 in
809 1020 1159 1073 immensum
1189 1021 1286 1073 hic
1312 1021 1506 1085 abeat)
1533 1024 1884 1074 ratiocinare
1912 1021 2127 1086 quaes0‚
2156 1030 2395 1086 quantae

191 1092 406 1144 futurae
436 1091 542 1144 fint
570 1091 690 1143 illae
719 1107 911 1156 aquae,
942 1107 1078 1157 quae
1106 1099 1338 1144 tantum
1366 1092 1607 1158 globum
1634 1093 2021 1158 undiquaque
2049 1093 2146 1144 vel
2176 1096 2239 1144 in
2270 1100 2395 1145 tan-

190 1163 397 1223 tillula,
418 1165 504 1215 uti
524 1163 661 1224 dixi,
683 1163 918 1215 crassitie
938 1163 1217 1225 ambiant,
1239 1166 1407 1216 cuius
1425 1163 1870 1216 Semidiameter
1883 1171 1965 1216 tot
1978 1164 2166 1216 millia
2180 1164 2395 1230 Semid.

191 1234 391 1287 Terrae
407 1235 741 1287 continebit.
758 1234 931 1287 Certe
946 1234 1352 1300 deprehendes
1366 1250 1661 1299 aquarum
1672 1235 1909 1287 istarum
1919 1235 2141 1287 molem
2151 1238 2252 1287 vix
2263 1251 2397 1287 eam

192 1306 412 1358 habere
441 1305 518 1358 ad
545 1308 737 1358 maria
764 1305 880 1357 five
909 1321 1098 1370 aquas
1126 1305 1488 1358 subcoelesses
1519 1306 1979 1367 aestimationem‚
2010 1322 2190 1371 quam
2220 1306 2398 1358 habet

191 1384 316 1430 tota
329 1392 488 1442 aqua
500 1379 734 1430 marina
748 1376 823 1429 ad
837 1380 1078 1429 unicam
1091 1384 1332 1443 guttam.
1353 1378 1606 1430 Proinde
1620 1377 1661 1429 fi
1675 1393 1850 1442 aquae
1867 1378 1986 1430 illae
2000 1378 2246 1430 Terram
2260 1394 2396 1430 con-

193 1451 482 1514 tingerent
501 1451 931 1513 operirentque,
951 1452 1038 1501 uti
1058 1449 1132 1501 ab
1152 1451 1321 1501 initio
1342 1455 1478 1501 ante
1493 1448 1898 1501 discretionem
1911 1448 2130 1501 factum
2143 1449 2299 1501 fuisse
2316 1450 2396 1501 di-

129 1540 151 1558 v
195 1523 359 1580 citur,
385 1522 450 1571 in
473 1520 663 1585 ipsum
683 1519 925 1572 Coelum
943 1519 1047 1572 sua
1067 1515 1088 1589 ΙΙ
1109 1523 1436 1585 quantitate
1461 1520 1578 1573 alte
1604 1520 1995 1572 ascenderent.
2024 1520 2234 1583 Qualis
2262 1536 2398 1585 ergo

196 1592 323 1644 esset
353 1607 649 1656 aquarum
679 1591 854 1656 supra
886 1598 941 1643 et
975 1591 1131 1644 infra
1167 1591 1508 1657 expansum,
1547 1592 1620 1644 de
1659 1593 1871 1656 quibus
1911 1592 2173 1644 MOSES
2210 1592 2398 1656 loqui-

193 1669 304 1724 tur,
331 1664 695 1727 comparatio
725 1669 781 1715 et
807 1661 1149 1728 proportio?
1178 1663 1554 1728 Quapropter
1579 1663 1862 1716 MOSEN
1888 1679 2182 1727 aquarum
2208 1663 2399 1727 super-

196 1734 515 1787 coelestium
536 1737 780 1786 nomine
802 1750 1186 1799 nequaquam
1213 1750 1471 1799 aqueam
1496 1735 1777 1800 aliquam,
1804 1735 2121 1787 vastissimae
2142 1733 2401 1786 AEtheris

197 1808 517 1871 capacitate
549 1806 936 1871 undiquaque
969 1806 1395 1868 circumfusam,
1431 1809 1516 1858 uti
1550 1812 1615 1858 tu
1650 1806 1863 1867 censeS,
1898 1806 2136 1866 molem,
2173 1822 2242 1858 ac
2277 1821 2401 1857 non

195 1893 331 1930 mea
350 1876 555 1937 solum,
573 1880 964 1930 verumetiam
980 1877 1572 1943 praestantissimorum
1585 1877 1928 1943 Theologiae
1942 1877 2325 1929 Professorum
2338 1883 2402 1928 ut

197 1948 811 2010 MELANTHONIS,
828 1949 1415 2011 CASTALLIONIS,
1428 1949 1750 2002 CALVINI
1765 1956 1819 2001 et
1833 1949 2088 2001 aliorum
2102 1949 2400 2008 sententia,

196 2019 448 2085 aquosas
463 2019 621 2073 Coeli
633 2019 822 2072 nubes
837 2036 976 2073 eum
991 2020 1314 2086 intelligere
1331 2023 1576 2072 minime
1594 2020 1841 2072 dubium
1859 2020 1949 2072 est.
1972 2020 2084 2072 Sed
2104 2027 2168 2072 tu
2187 2019 2400 2072 nihilo-

196 2094 396 2144 minus
420 2107 529 2156 pro
555 2098 659 2144 tua
684 2091 786 2143 illa
812 2092 884 2144 de
904 2093 1097 2156 Aquis
1116 2091 1613 2157 supercoelestibus
1634 2094 1917 2156 opinione
1937 2091 2233 2144 asserenda
2251 2091 2401 2143 mul-

196 2170 325 2215 tum
348 2162 602 2223 laboraS,
628 2168 811 2228 utque
837 2166 1009 2227 aquis
1034 2163 1150 2215 illis
1175 2163 1346 2215 usum
1373 2163 1651 2228 aliquem,
1679 2179 1755 2221 ne
1780 2163 1928 2215 forte
1948 2163 2401 2228 supervacaneae

197 2234 320 2294 lint,
345 2234 672 2295 constituaS,
697 2237 784 2286 ais
804 2234 936 2286 illas
956 2234 1119 2299 quafi
1138 2236 1458 2287 necessitate
1480 2235 1741 2299 quadam
1759 2234 1878 2286 illic
1898 2234 2208 2299 dispofitaS,
2234 2241 2297 2286 ut
2316 2237 2402 2285 in-

197 2305 498 2358 terstitium
524 2305 826 2370 quoddam
850 2308 1002 2358 inter
1028 2306 1331 2358 conditum
1358 2306 1561 2358 orbem
1588 2312 1643 2358 et
1667 2306 1862 2358 lucem
1887 2308 1950 2357 in
1977 2321 2049 2357 eo
2071 2313 2328 2358 creatam
2349 2312 2404 2357 et

200 2376 406 2430 Coelos
427 2376 754 2438 Coelorum,
782 2392 932 2442 quos
959 2376 1248 2430 inhabitat
1268 2377 1435 2430 Deus
1458 2379 1522 2429 in
1542 2377 1674 2429 luce
1695 2384 1934 2438 aeterna,
1961 2379 2222 2429 increata
2243 2383 2298 2429 et
2316 2379 2402 2428 in-

200 2448 413 2501 accessa
439 2451 737 2509 creaturiS,
766 2449 1085 2513 praebeant.
1116 2449 1195 2500 At
1221 2464 1549 2514 quamnam
1573 2448 1671 2500 hic
1696 2449 1890 2501 lucem
1918 2456 2203 2501 aeternam
2233 2455 2288 2500 et
2316 2451 2402 2499 in-

200 2526 475 2579 creatam,
503 2519 791 2584 quol'nam
811 2520 1016 2572 Coelos
1038 2520 1349 2573 Coelorum
1367 2519 1677 2586 intelligis?
1703 2521 1929 2573 Siccine
1956 2520 2188 2572 infinito
2216 2526 2272 2571 et
2297 2522 2402 2571 im-

199 2590 401 2643 menso
421 2590 618 2643 finitos
635 2591 1004 2656 praescribere
1021 2592 1252 2653 limiteS,
1274 2599 1498 2644 aeterna
1511 2607 1647 2644 cum
1660 2595 2074 2656 temporaneiS‚
2095 2590 2405 2642 invifibilia

201 2678 338 2715 cum
356 2661 674 2714 vifibilibus
693 2662 1054 2716 confundere
1074 2679 1199 2715 non
1218 2664 1566 2716 indecorum
1586 2662 1786 2715 ducis?
1807 2663 1980 2715 Solus
2002 2666 2219 2714 etenim
2237 2662 2403 2713 Deus

199 2733 466 2786 infinitus
481 2740 536 2785 et
549 2736 843 2787 increatus
859 2734 1062 2796 existit;
1082 2735 1331 2800 proinde
1350 2735 1452 2800 ipfi
1466 2735 1766 2796 dimenfi0,
1784 2735 1966 2795 locuS‚
1985 2734 2250 2798 spatium,
2269 2733 2404 2784 fitus

202 2812 257 2857 et
273 2805 332 2857 id
348 2820 534 2870 genus
550 2805 686 2867 alia,
707 2821 844 2870 quae
862 2813 1266 2859 creaturarum
1281 2806 1411 2858 sunt
1425 2807 1716 2867 attributa,
1738 2812 2068 2870 competere
2083 2811 2402 2869 nequeunt.

202 2876 272 2928 Et
291 2876 333 2928 fi
351 2876 456 2928 lux
476 2876 595 2937 illa,
617 2892 799 2941 quam
818 2893 998 2930 vocas
1018 2885 1304 2930 aeternam
1325 2885 1380 2930 et
1399 2880 1739 2937 increatam,
1762 2877 1924 2928 aliud
1942 2876 2083 2941 quid
2097 2883 2308 2941 praeter
2321 2878 2403 2940 ip-

201 2947 329 2999 sum
351 2947 552 2999 Deum
578 2947 670 3009 est,
696 2951 818 3000 iam
844 2949 963 3001 duo
989 2948 1119 3001 sunt
1145 2956 1369 3001 aeterna
1392 2951 1788 3012 increataque‚
1815 2949 2068 3012 ideoque
2095 2947 2215 2999 duo
2232 2948 2318 3012 dij
2351 2953 2406 2998 et

202 3018 323 3070 duo
342 3021 646 3084 principia.
668 3020 748 3071 At
767 3020 918 3072 nihil
937 3023 1265 3072 increatum
1280 3027 1334 3072 et
1348 3027 1639 3072 aeternum
1659 3019 1734 3070 est
1753 3026 1965 3084 praeter
1984 3018 2172 3083 ipsum
2187 3018 2404 3078 Deum,

203 3092 306 3154 qui
332 3097 388 3141 et
413 3093 625 3142 unicus
651 3090 742 3142 est.
770 3090 935 3154 Quin
955 3098 1010 3143 et
1028 3091 1069 3143 fi
1090 3107 1209 3155 qua
1231 3092 1357 3142 esset
1379 3091 1482 3142 lux
1506 3098 1745 3150 aeterna,
1774 3097 1937 3142 extra
1958 3090 2260 3142 Mundum
2281 3105 2403 3142 cor-

202 3175 470 3226 poreum,
498 3160 603 3213 illa
628 3161 815 3213 oculis
843 3161 1141 3222 humaniS‚
1170 3165 1348 3214 etiam
1373 3161 1606 3213 semotis
1627 3162 1902 3213 omnibus
1928 3161 2254 3227 interstitijS‚
2282 3177 2405 3212 non

205 3232 830 3296 caperetur.Verissime
846 3235 1005 3284 enim
1019 3236 1082 3284 in
1095 3233 1317 3298 Opticis
1332 3234 1602 3292 asseritur,
1616 3235 1820 3284 omnia
1832 3248 1967 3297 quae
1978 3233 2251 3284 videntur
2264 3239 2404 3284 tem-

203 3318 347 3367 pore
374 3303 811 3369 comprehendi.
839 3304 1015 3357 Unde
1034 3304 1307 3368 sequitur,
1336 3319 1471 3368 quae
1499 3311 1663 3356 extra
1688 3311 1919 3369 tempus
1941 3311 1995 3355 et
2016 3311 2238 3356 aeterna
2260 3303 2404 3363 sunt,

203 3377 602 3439 temporaneis
622 3375 808 3427 oculis
828 3391 953 3427 non
971 3382 1187 3440 patere.
1209 3375 1529 3428 Ascribitur
1550 3378 1727 3428 etiam
1740 3376 1931 3440 Aquis
1948 3375 2061 3427 istis
2077 3375 2318 3428 Coelum
2334 3390 2406 3426 ex

347 3456 394 3492 30
2303 3453 2407 3497 tua
