2644 4030
131 518 160 561 ‘l‘

136 745 158 780 5

115 1100 157 1136 lo

113 1458 155 1492 15

105 2170 152 2205 25

493 300 796 354 TYCHO
823 301 946 354 AD
975 302 1446 356 CASPARUM
1472 303 2129 358 PEUCERUM1590
2307 307 2411 360 235

208 442 345 495 ullis
361 442 874 508 supercoelestibus,
894 443 990 496 sed
1011 444 1083 497 de
1100 447 1253 498 aeris
1268 445 1525 511 Regione
1539 446 1721 499 veluti
1741 449 1804 499 in
1825 448 2136 501 coenacula
2155 449 2412 502 nubibus

208 511 483 575 distincta,
504 517 590 567 uti
608 514 1109 569 TREMELLIUS
1124 523 1178 569 et
1193 517 1470 570 IUNIUS
1484 519 1625 570 item
1639 518 2069 572 MOLLERUS
2091 526 2145 571 et
2166 520 2264 585 alij
2287 536 2412 573 non

208 587 692 638 inconvenienter
711 589 889 639 etiam
910 594 1231 652 exponunt,
1258 588 1637 654 intelligenda
1654 592 1917 651 veniunt,
1944 590 2050 641 nifi
2073 591 2220 643 forte
2242 595 2336 643 cui
2357 599 2412 644 et

206 656 425 708 ibidem
438 664 752 709 ventorum
766 664 943 723 atque
957 661 1183 724 ignium
1196 659 1295 711 seu
1315 659 1634 712 fulminum
1647 663 1870 713 mentio
1885 660 2003 721 fiat,
2025 661 2154 713 haec
2173 678 2410 727 quoque

206 726 380 792 supra
394 727 598 780 orbem
611 728 898 781 stellatum
911 729 1110 782 locum
1124 730 1343 783 habere
1358 731 1569 784 censeS.
1590 732 1670 784 At
1685 747 1757 784 ex
1772 732 2029 784 eiusdem
2043 733 2249 798 psalmi
2262 749 2409 786 vers.

206 797 279 859 13,
304 798 406 850 ubi
425 798 498 851 fic
518 799 749 852 dicitur:
782 799 939 865 »Oui
953 800 1184 868 irrigat
1198 805 1448 856 montes
1468 817 1503 856 e
1525 802 1872 856 coenaculis
1883 802 2036 870 suis
2062 806 2130 856 ut
2148 818 2186 856 a
2206 802 2408 858 fructi-

206 868 324 922 bus
339 883 597 936 operum
614 872 861 924 tuorum
865 869 1134 937 satietur
1144 878 1365 936 terra«,
1382 889 1455 925 ex
1467 890 1586 939 quo
1600 874 1808 927 eadem
1818 891 1936 927 vox
1949 875 2247 928 haebrajca
2260 873 2409 938 ῠῆᾎξξ,

206 955 388 1005 quam
410 941 823 995 PAGNINUS
846 945 909 994 in
931 943 1035 995 suo
1063 942 1409 996 diffitionario
1436 945 1734 998 haebraico
1762 947 2072 999 coenacula
2096 946 2197 999 seu
2222 948 2410 1000 nubes

205 1012 487 1064 denotare
514 1013 814 1074 existimat,
844 1014 1156 1079 utrobique
1186 1015 1451 1076 habetur,
1482 1017 1733 1069 nubium
1758 1017 1856 1069 hic
1882 1033 2070 1082 aquas
2096 1025 2327 1071 montes
2356 1026 2411 1071 et

205 1089 422 1135 terram
435 1085 741 1149 irrigantes
756 1091 812 1137 et
825 1085 1235 1138 foecundantes
1248 1087 1656 1153 intelligendas
1671 1090 1791 1149 esse,
1813 1091 1944 1153 quis
1961 1089 2189 1141 inficias
2207 1089 2410 1142 iverit?

204 1154 496 1207 Praeterea
524 1170 660 1208 cum
689 1171 814 1208 non
842 1172 1055 1222 parum
1083 1158 1449 1210 absurditatis
1477 1161 1718 1224 ingerat,
1748 1162 1871 1212 imo
1900 1161 2246 1212 naturaliter
2273 1177 2408 1213 con-

203 1225 510 1279 fiderando
529 1226 707 1291 plane
727 1228 1065 1293 impossibile
1084 1228 1148 1280 fit
1167 1244 1356 1294 aquas
1375 1229 1548 1294 supra
1568 1230 1772 1283 Coelos
1794 1231 2008 1295 absque
2028 1231 2227 1284 fulcris
2249 1238 2304 1284 et
2322 1249 2408 1285 re-

203 1297 433 1362 pagulis
454 1298 714 1351 cohiberi
734 1306 910 1364 atque
932 1300 1223 1360 convolvi,
1244 1307 1308 1352 tu
1327 1316 1432 1365 per
1444 1300 1644 1353 Terrae
1662 1304 1724 1353 in
1742 1302 1968 1366 liquido
1986 1306 2122 1355 aere
2140 1303 2408 1356 stabilita-

203 1375 323 1421 tem
350 1369 410 1421 id
440 1369 715 1422 excusare
746 1370 999 1423 laboras,
1032 1372 1315 1423 Attamen
1345 1372 1847 1437 inconsequenter,
1881 1389 2017 1425 cum
2045 1389 2170 1426 non
2199 1376 2409 1427 eadem

203 1439 372 1492 subfit
396 1443 563 1492 rati0.
584 1440 769 1494 Terra
795 1444 955 1493 enim
981 1449 1036 1494 et
1062 1445 1267 1495 omnia
1291 1443 1529 1508 globosa
1548 1444 1765 1496 Mundi
1786 1460 2035 1509 corpora
2060 1449 2298 1509 proprio
2322 1449 2407 1498 in-

202 1513 470 1563 nituntur
483 1519 700 1574 centr0,
719 1513 1038 1578 omnesque
1053 1529 1262 1566 eorum
1275 1521 1470 1579 partes
1484 1514 1601 1567 huc
1614 1515 1961 1567 naturaliter
1974 1516 2237 1578 tendunt,
2257 1517 2408 1570 adeo

202 1589 266 1634 ut
285 1582 326 1634 fi
346 1598 383 1635 a
403 1582 539 1635 Sole
552 1583 648 1635 vel
662 1584 835 1637 Luna
853 1591 956 1637 aut
973 1588 1198 1637 caeteris
1217 1585 1497 1638 sideribus
1517 1586 1951 1651 aliquantulam
1970 1588 2409 1652 portiunculam

201 1653 490 1706 violenter
510 1654 776 1707 avulsam
795 1655 1131 1717 statuamuS,
1156 1672 1229 1709 ea
1247 1672 1389 1709 mox
1408 1660 1716 1722 proprium
1735 1658 1970 1710 Astrum
1990 1661 2211 1723 repetit,
2238 1659 2409 1711 suum

202 1723 485 1777 affectans
513 1733 796 1779 centrum.
823 1726 1017 1780 Tanta
1046 1730 1208 1780 enim
1232 1731 1320 1780 vis
1349 1728 1690 1794 meditullijs
1720 1729 2175 1782 Mundanorum
2205 1746 2407 1796 corpo-

202 1812 337 1848 rum
356 1796 636 1849 divinitus
655 1798 842 1850 indita
862 1798 952 1851 est.
979 1798 1157 1862 Quod
1176 1799 1315 1852 sane
1335 1800 1407 1852 de
1428 1803 1599 1865 aquis
1620 1801 2106 1853 extramundanis
2127 1817 2251 1853 non
2271 1818 2407 1854 con-

200 1867 459 1920 fimiliter
473 1869 700 1921 admitti
713 1869 908 1935 potest,
921 1886 1058 1922 cum
1070 1869 1415 1935 praedictum
1429 1871 1670 1937 globum
1683 1872 2006 1924 rotundum
2019 1889 2143 1924 non
2156 1873 2409 1926 totaliter

202 1939 553 2004 compleant.
575 1940 834 2006 Ideoque
854 1941 960 1993 nifi
981 1945 1149 1994 certis
1168 1942 1368 1995 fulcris
1384 1950 1439 1995 et
1452 1943 1746 2008 repagulis
1767 1942 2196 2004 cohiberentur,
2218 1959 2407 2009 aquas

200 2013 480 2071 marinaS‚
507 2012 667 2064 unde
693 2012 1028 2078 disgregatae
1050 2020 1232 2075 erant,
1260 2014 1529 2078 adeoque
1549 2014 1796 2066 Terram
1815 2018 2114 2079 gravitatis
2133 2015 2253 2067 suae
2275 2031 2406 2068 cen-

199 2087 373 2143 trum,
397 2084 708 2136 necessario
728 2084 1057 2137 reviserent.
1085 2085 1212 2137 Nec
1231 2085 1389 2138 valet
1408 2092 1845 2151 argumentum:
1875 2086 2041 2138 Deus
2060 2089 2248 2151 potuit
2268 2087 2405 2139 Ter-

201 2168 332 2205 ram
351 2155 588 2206 crassam
609 2161 664 2206 et
683 2170 923 2220 gravem
942 2158 1006 2207 in
1025 2159 1189 2208 tenui
1208 2155 1446 2209 firmare
1466 2160 1619 2209 aere.
1642 2157 1793 2222 Ergo
1808 2163 1863 2209 et
1875 2157 2064 2209 nubes
2081 2157 2254 2222 supra
2270 2159 2406 2211 Coe-

200 2223 342 2276 lum.
371 2225 494 2277 Scis
514 2229 674 2277 enim
694 2242 732 2278 a
750 2227 900 2291 posse
921 2227 997 2279 ad
1018 2229 1186 2279 inesse
1208 2227 1295 2291 (ut
1314 2227 1491 2293 vulgo
1511 2227 1858 2293 loquuntur)
1879 2244 2004 2280 non
2023 2228 2184 2293 sequi
2203 2230 2405 2281 induc-

200 2298 441 2348 tionem.
470 2296 903 2362 Proptereaque
929 2300 992 2349 in
1017 2298 1258 2350 PsaLmis
1288 2299 1491 2351 diserte
1521 2299 1751 2351 dicitur:
1786 2299 1996 2352 »Deus
2025 2299 2235 2352 omnia
2266 2314 2407 2367 quae

203 2366 405 2419 voluit
420 2366 573 2420 fecit
588 2367 655 2419 in
680 2367 849 2421 Coelo
870 2371 934 2421 et
948 2368 1015 2421 in
1046 2370 1286 2422 Terra«.
1314 2370 1384 2422 Et
1404 2370 1570 2422 Deus
1592 2370 1667 2423 est
1687 2371 1911 2422 ordinis
1937 2377 2114 2436 atque
2141 2372 2405 2424 utilitatis

200 2437 431 2490 author.
454 2438 712 2503 Ideoque
733 2439 1008 2492 Coelestia
1027 2440 1497 2493 Elementaribus
1518 2441 1879 2494 confundere
1900 2444 2404 2508 coinquinareque

201 2508 417 2574 absque
437 2510 742 2563 manifesto
762 2511 870 2563 usu
889 2527 1274 2576 nequaquam
1293 2512 1466 2565 volet.

271 2581 453 2632 Porro
473 2596 673 2634 meam
692 2581 764 2634 de
783 2585 883 2635 via
901 2581 1088 2636 lactea
1106 2583 1451 2636 sententiam
1476 2599 1601 2635 non
1626 2591 1749 2636 tam
1774 2586 1981 2649 reijciS‚
2010 2600 2192 2649 quam
2219 2585 2403 2637 abun-

199 2651 332 2704 dius
346 2651 608 2705 illustraS.
626 2653 747 2718 Ego
763 2656 939 2715 enim,
956 2654 1053 2706 etsi
1068 2654 1310 2707 Coelum
1323 2655 1756 2720 liquidissimum
1771 2662 1826 2707 et
1839 2657 2229 2708 tenuissimum
2245 2657 2402 2720 quid,

198 2723 504 2775 Astrorum
522 2725 780 2777 motibus
800 2724 1019 2790 ubique
1039 2728 1327 2791 pervium,
1349 2733 1694 2778 nontamen
1712 2726 1890 2791 plane
1910 2730 2327 2791 incorporeum
2348 2735 2403 2780 et

198 2794 604 2855 immateriale,
634 2795 730 2847 sed
760 2799 965 2848 omnia
991 2812 1240 2861 corpora
1267 2797 1541 2850 Coelestia
1566 2813 1639 2850 ex
1666 2798 1875 2850 eadem
1902 2814 2038 2850 cum
2064 2798 2239 2851 Coelo
2265 2815 2401 2851 con-

198 2865 343 2918 stare
362 2866 673 2919 substantia
692 2870 755 2919 in
774 2883 965 2919 unum
986 2868 1247 2933 aliquem
1274 2868 1599 2921 densiorem
1624 2868 1881 2934 globum,
1908 2870 2055 2921 lucis
2081 2873 2403 2934 receptioni

199 2938 668 2998 accommodum,
691 2938 1093 3004 sapientiaque
1116 2939 1360 3005 Opificis
1384 2938 1754 3005 compactum
1775 2941 1878 2992 esse
1898 2940 2080 2993 statui.
2103 2940 2401 3004 Quemad-

134 3028 156 3046 ν
198 3008 447 3060 modum
457 3010 728 3062 videmus
742 3013 805 3062 in
819 3010 932 3063 hac
946 3011 1165 3063 Mundi
1180 3007 1200 3080 ΙΙ
1215 3018 1444 3071 natura,
1461 3027 1548 3073 ea,
1561 3027 1697 3076 quae
1711 3014 1774 3063 in
1788 3012 1948 3064 Mari
1962 3012 2182 3076 ubique
2197 3016 2401 3077 pervio

197 3086 568 3144 generantur,
596 3096 669 3132 ex
694 3097 889 3146 aquea
915 3082 1174 3135 constare
1199 3082 1524 3142 substantia,
1552 3089 1729 3147 atque
1756 3085 1818 3134 in
1845 3083 2097 3135 eandem
2119 3083 2290 3136 facile
2313 3099 2399 3136 re-

198 3150 358 3211 solvi,
384 3150 517 3202 licet
542 3151 672 3204 haec
699 3152 821 3217 ipsa
844 3155 968 3206 iam
994 3160 1281 3214 concreta,
1308 3153 1536 3218 liquida
1562 3160 1616 3206 et
1641 3156 1845 3219 pervia
1864 3170 1988 3206 non
2007 3155 2130 3207 fint.
2158 3155 2319 3207 Nam
2346 3161 2402 3207 et

198 3221 450 3274 Metalla
470 3225 674 3275 omnia
693 3223 1088 3289 Gemmaeque
1111 3224 1204 3277 his
1225 3224 1435 3277 affines
1454 3228 1518 3277 in
1538 3225 1699 3277 Mari
1724 3225 1950 3278 radices
1976 3225 2212 3287 habent,
2241 3226 2400 3291 quod

197 3293 544 3356 paucissimis
570 3301 707 3346 ante
732 3295 1271 3349 PARACELSUM
1300 3299 1572 3348 innotuit.
1602 3296 1771 3348 Astra
1799 3304 1999 3349 autem
2027 3298 2183 3350 Coeli
2208 3298 2341 3350 licet
2368 3314 2399 3349 e

197 3366 446 3416 materia
465 3365 724 3418 constant
744 3367 973 3425 coelesti,
1001 3367 1076 3419 ab
1096 3367 1218 3431 ipso
1238 3374 1439 3419 tamen
1459 3367 1634 3420 Coelo
1656 3368 1930 3420 denfitate
1953 3375 2006 3419 et
2026 3368 2251 3420 lumine
2271 3369 2397 3433 plu-

339 3445 408 3481 30·
2180 3443 2399 3491 rimum
