2644 4030
359 299 663 353 TYCHO
691 299 812 351 AD
841 299 1259 352 IOANNEM
1287 298 1705 352 CRAIGUM
1733 300 1795 351 14
1823 300 2022 352 NOV.
2051 301 2183 353 1591
2281 301 2372 353 317

171 441 339 497 enim
352 441 779 495 incredibilem
792 441 858 494 in
875 456 949 495 eo
964 441 1352 510 diligentiam
1369 444 1540 495 tuam
1554 444 1619 495 et
1630 444 1991 496 accuratam
2005 440 2373 508 observandi

172 513 342 566 viam
363 510 812 580 perspexissem,
846 512 1004 565 mihi
1023 512 1371 580 persuadeo
1399 512 1550 576 fore,
1585 516 1654 566 ut
1679 511 2011 578 coelestium
2042 529 2373 581 corporum

169 587 378 638 motus
393 585 731 638 emendare
745 581 1110 649 exactissime
1122 583 1322 652 possis,
1344 582 1671 651 fructuque
1685 599 1897 652 operae
1912 584 2085 638 illius
2097 585 2374 638 maximo

171 654 448 709 omnium
467 652 662 720 studio
689 658 875 722 atque
896 653 1311 722 expectationi
1328 654 1791 721 cumulatissime
1809 654 2181 723 satisfaciaS,
2212 657 2374 710 unde

76 744 98 779 ⁵
170 725 412 780 nomini
430 729 535 779 tuo
552 724 1005 793 sempiternum
1026 728 1220 780 decus
1240 726 1634 795 adiungatur.
1668 727 1973 794 Cuperem
1994 730 2205 781 tamen
2227 730 2287 781 te
2307 727 2373 780 in

170 800 341 851 motu
361 797 592 851 Martis
612 795 999 864 observando
1020 801 1083 851 et
1100 798 1519 852 examinando
1537 798 1812 852 maxime
1831 798 2208 861 incumbere,
2231 813 2374 852 cum

171 883 315 923 eum
336 866 658 935 observari
673 883 801 921 non
816 866 982 947 posse
999 866 1211 923 exacte
1234 871 1425 937 Vulgo
1438 867 1935 936 persuasumst«

63 950 146 992 17
242 940 476 992 Deinde
497 940 775 1005 quaedam
795 941 867 992 de
895 938 1007 999 dtis
1029 941 1550 993 eccentricitatibus
1570 941 1910 1006 castigandis
1930 957 2037 1006 pro
2059 937 2080 1009 ΙΙ
2100 941 2203 993 suo
2224 942 2373 993 arbi-

93 1016 122 1059 ·1·
169 1014 282 1064 trio
308 1014 664 1063 intertexens
690 1014 772 1063 ita
795 1011 993 1063 literas
1020 1015 1345 1064 continuat:
1384 1013 1555 1065 »Non
1577 1010 1810 1079 possum
1835 1027 1961 1065 non
1986 1027 2374 1080 magnopere

80 1099 122 1134 ¹⁰
164 1079 2376 1235 {522'25252'14223113323322242255Jffi‘ffffsssss‘zffassffl'ffzffifgffiffffi

170 1224 456 1293 cognovi,
470 1225 743 1278 Martem
755 1227 1182 1293 acronycbum
1199 1227 1409 1279 Terrae
1412 1240 1678 1292 propius
1689 1226 1991 1279 accedere
2004 1241 2188 1292 quam
2206 1226 2311 1287 G>10
2312 1236 2372 1288 ¹⁷²,

171 1311 209 1349 a
231 1299 291 1350 te
311 1293 396 1362 est
412 1295 823 1363 observatum,
850 1294 1198 1363 interfectio
1216 1294 1568 1363 huiusmodi
1591 1297 1845 1349 omnino
1870 1297 2252 1350 admittenda
2278 1295 2373 1362 est.

169 1369 242 1420 In
266 1382 503 1435 magna
531 1365 749 1434 versor
771 1365 1198 1435 expectatione
1225 1370 1474 1420 tuarum
1499 1366 1851 1449 huiusmodi
1874 1366 2375 1434 observationum

79 1455 122 1490 15
172 1441 237 1492 et
244 1437 760 1506 speculationum
783 1453 942 1505 quas
962 1442 1027 1492 et
1037 1439 1310 1506 probare
1331 1441 1397 1492 et
1403 1437 1585 1506 sequi
1598 1438 1857 1492 minime
1874 1437 2251 1505 erubescam,
2274 1437 2380 1505 etsi

169 1509 235 1562 in
256 1507 682 1575 construendis
699 1509 1223 1577 premeridibus
1241 1509 1645 1577 resolutisque
1671 1509 1901 1563 tabulis
1922 1525 1960 1562 a
1985 1510 2375 1577 Coperniana

169 1580 415 1635 ratione
446 1584 511 1635 et
545 1580 796 1634 Tabulis
823 1580 1180 1635 Prutenicis
1208 1596 1290 1635 ne
1318 1583 1516 1634 latum
1550 1581 1797 1663 quidem
1828 1596 2103 1649 unguem
2135 1580 2374 1635 deflexi.

171 1652 374 1720 Spero
391 1667 495 1706 me
515 1652 720 1716 etiam,
745 1653 909 1720 quod
926 1654 1341 1706 vehementer
1356 1652 1554 1720 cupio,
1571 1653 1846 1720 primum
1869 1655 2041 1706 tuum
2063 1654 2138 1705 de
2155 1653 2379 1705 Mundi

170 1723 435 1777 aetberei
463 1723 911 1777 Pbaenomenis
940 1723 1182 1787 librum,
1224 1739 1408 1791 quem
1442 1727 1502 1778 te
1535 1724 1845 1778 editurum
1877 1723 2217 1791 polliceris,
2257 1725 2377 1778 1100

75 1811 122 1846 20
171 1810 339 1848 anno
356 1792 708 1849 lecturum.«

92 1870 121 1913 ·1·
242 1866 393 1919 Mox
412 1865 724 1920 interiedtis
745 1866 1094 1931 quibusdam
1115 1867 1247 1934 alijs
1268 1870 1420 1920 eirca
1439 1867 1623 1919 finem
1642 1867 1772 1919 haec
1791 1867 1992 1919 habet:
2022 1868 2190 1920 »Hoc
2210 1882 2377 1920 anno

169 1937 700 2005 interpretaturus
729 1936 870 2004 sum
901 1953 1082 1991 meas
1114 1936 1447 2004 coelestium
1481 1938 1722 1992 orbium
1756 1937 2194 2006 hypotyposeS‚
2236 1953 2376 2005 quae

169 2008 327 2062 mibi
351 2009 513 2062 bona
539 2008 661 2063 erit
685 2007 932 2075 occasio,
963 2024 1104 2076 quae
1127 2009 1194 2062 in
1218 2011 1339 2063 boc
1359 2025 1602 2078 genere
1626 2024 1664 2063 a
1686 2024 1788 2063 me
1816 2009 1980 2063 edita
1998 2008 2159 2076 sunt,
2185 2011 2376 2077 longe

172 2079 428 2134 uberius
448 2079 767 2148 explicare
791 2079 823 2147 (
818 2083 885 2134 ut
907 2080 1034 2133 iam
1059 2080 1274 2134 facere
1293 2079 1614 2149 aggressus
1626 2078 1790 2147 sum)
1810 2083 1869 2134 et
1896 2080 2377 2149 Commentarijs

75 2168 121 2204 2⁵
172 2165 248 2205 ac
276 2151 692 2206 Geometricis
713 2149 1356 2217 Demonstrationibus
1372 2150 2030 2220 supputationibusque
2054 2149 2373 2217 illustrare.

173 2222 328 2288 Ouae
355 2226 567 2277 tamen
595 2223 1057 2277 Commentaria
1078 2222 1440 2291 priusquam
1460 2223 1700 2290 publici
1720 2222 1881 2276 iuris
1908 2222 2278 2285 efficiantur,
2305 2222 2374 2275 li-

172 2294 394 2348 benter
417 2309 537 2363 ego
561 2294 1032 2348 lucubrationes
1056 2297 1199 2348 tuas
1219 2293 1597 2363 cognoscere
1618 2297 1682 2348 et
1697 2293 2054 2362 intelligere
2077 2293 2280 2357 velim,
2310 2298 2378 2348 ut

173 2368 316 2419 tuas
337 2381 579 2433 quoque
590 2363 1039 2433 suppositiones
1057 2366 1140 2434 iis
1158 2364 1434 2433 inserere
1455 2368 1519 2419 et
1536 2365 1857 2433 applicare
1869 2363 2145 2432 possem.«

241 2436 356 2490 Sed
381 2437 554 2503 plura
581 2453 654 2490 ex
679 2438 773 2490 his
798 2444 976 2502 atque
1002 2437 1282 2490 similibus
1302 2453 1427 2490 non
1447 2438 1679 2490 addam.
1707 2437 1868 2489 Hinc
1888 2438 1991 2489 tibi
2010 2437 2143 2489 satis
2162 2437 2374 2502 perspi-

75 2524 122 2559 30
171 2524 351 2561 cuum
372 2509 582 2569 evadit,
606 2512 690 2561 mi
710 2509 1027 2570 CRAIGE‚
1051 2509 1333 2561 Ausoniae
1353 2509 1756 2574 PhilosophOS,
1784 2511 2052 2573 inprimis
2071 2524 2213 2560 vero
2235 2511 2374 2560 emi-

170 2581 562 2632 nentissimum
590 2580 760 2632 illum
788 2580 990 2646 inclyti
1018 2580 1322 2646 Gymnafij
1353 2580 1741 2632 Bononienfis
1770 2579 2212 2632 Mathematum
2238 2580 2374 2632 Pro-

169 2650 431 2703 fessorem
445 2651 878 2712 MAGINUM,
901 2667 988 2712 ea,
1008 2667 1144 2716 quae
1158 2651 1304 2704 liber
1317 2651 1506 2703 noster
1519 2651 1806 2703 secundus
1822 2649 2238 2716 compledlitur,
2255 2667 2374 2716 quo

170 2722 246 2774 ad
262 2721 530 2775 Cometae
544 2723 705 2775 sedes
720 2722 1026 2783 aethereaS‚
1049 2723 1208 2787 quod
1227 2724 1577 2787 potissimum
1597 2723 1715 2774 illic
1735 2722 2129 2774 demonstrare
2150 2722 2373 2783 labor0,

169 2793 459 2859 illumque
484 2793 721 2858 insuper
740 2794 1119 2846 Neotericam
1145 2794 1399 2846 nostram
1419 2793 1853 2860 Hypothefium
1880 2793 2199 2846 coelestium
2223 2793 2373 2845 ordi-

75 2881 122 2916 35
171 2867 476 2918 nationem
495 2865 845 2930 plaudenter
864 2866 1190 2930 acceptasse,
1212 2881 1469 2930 quorum
1487 2872 1552 2917 tu
1571 2872 1773 2917 tamen
1793 2872 2109 2929 utrumque
2129 2881 2253 2917 non
2270 2865 2373 2917 sal-

169 2943 288 2988 tem
313 2938 377 2988 in
403 2937 650 2989 dubium
669 2952 865 2997 vocaS‚
891 2936 987 2989 sed
1014 2943 1084 2998 et,
1113 2943 1404 3001 quantum
1423 2939 1486 2988 in
1505 2943 1561 2989 te
1583 2936 1674 2998 est,
1700 2935 2052 2989 labefadlare
2073 2939 2373 2988 anniteris,

170 3007 319 3060 Sunt
345 3014 498 3059 certe
525 3007 810 3060 Italorum
838 3010 1077 3073 ingenia
1101 3008 1373 3060 sublimia
1399 3014 1454 3060 et
1480 3014 1670 3068 acuta,
1700 3008 2019 3073 iudicijque
2048 3011 2212 3073 gravi
2237 3008 2373 3060 dex-

169 3081 395 3131 teritate
409 3079 819 3143 praepollentia
831 3085 1007 3143 atque
1021 3094 1129 3143 pro
1142 3082 1356 3132 maiori
1369 3086 1533 3143 parte
1547 3079 1925 3131 Aristotelaeis
1939 3078 2373 3138 Axiomatibus,

170 3165 295 3201 non
319 3152 519 3202 minus
546 3165 728 3214 quam
753 3166 860 3202 vos
887 3153 949 3202 in
975 3150 1186 3210 Scotia,
1214 3148 1436 3203 31111ἂί.
1464 3151 1576 3202 Pro
1603 3150 1817 3215 quibus
1844 3153 2023 3203 etiam
2050 3157 2105 3202 et
2130 3150 2375 3203 firmiter

75 3237 122 3272 4ο
169 3220 381 3272 starent
406 3228 582 3285 atque
608 3220 831 3273 fortiter
855 3228 1201 3287 pugnarent,
1228 3221 1269 3273 fi
1294 3237 1418 3274 11011
1445 3222 1920 3274 observationum
1942 3221 2373 3274 Astronomica-

170 3307 303 3343 rum
328 3292 673 3344 certitudine
695 3299 750 3344 et
769 3292 1210 3345 Mathematicis
1231 3293 1843 3346 Demonstrationibus
1869 3293 2152 3357 pleraque
2178 3293 2373 3345 redar-

171 3365 269 3428 gui
296 3363 850 3416 animadverterent.
882 3363 996 3416 Sed
1022 3371 1077 3416 et
1102 3366 1347 3417 unicum
1374 3365 1606 3426 addam,
1637 3371 1701 3416 ut
1730 3364 1991 3417 conscius
2020 3364 2106 3416 fis.
2137 3364 2224 3416 Ex
2254 3381 2373 3487 qluo

2321 3452 2373 3487 ic
