2664 4030
285 299 355 352 78
819 300 1257 355 EPISTOLAE
1282 303 1954 360 ASTRONOMICAE

287 439 361 483 [Ex
381 439 624 485 apographo
645 439 689 476 in
710 440 854 478 codice
873 441 1196 480 Vindobonensi
1215 444 1283 480 lat.
1307 445 1478 491 10686⁶⁶J

335 539 1013 616 CLARISSIMO
1059 543 1160 616 D.
1201 544 1874 689 D.SI-1}ENR1CO
1919 548 2436 626 BRUCAEO.
2518 577 2600 622 81¹

650 734 658 738 ’
714 728 771 781 Χ
796 728 976 781 literis
1002 731 1117 782 tuis
1142 746 1332 796 nuper
1357 732 1433 785 ad
1457 748 1554 785 me
1581 734 1745 795 datis,
1773 734 2092 789 charissime
2113 736 2188 790 D.
2209 737 2283 790 D.
2306 738 2487 793 BRU-

559 853 573 869 ,
717 799 913 861 CAEE,
928 800 1189 853 intellexi
1198 808 1254 854 te
1265 801 1417 856 recte
1427 804 1642 866 valere,
1657 805 1715 858 id
1731 807 1890 871 quod
1903 814 2240 874 pergratum
2253 813 2489 876 cognitu
2537 829 2560 864 5

715 870 838 923 fuit.
867 871 1046 935 Quod
1069 887 1212 925 vero
1237 873 1423 927 studia
1448 875 1875 930 Mathematica
1899 878 2188 943 paulatim
2211 881 2487 948 negligaS,

715 957 841 994 non
859 942 1062 1007 probo,
1083 943 1143 995 N
1147 959 1212 996 ec
1233 947 1393 997 enim
1411 952 1576 999 tanta
1590 946 1695 999 tibi
1715 948 1790 1000 est
1809 955 1969 1011 aetaS‚
1990 957 2054 1003 ut
2074 966 2146 1004 ea
2164 952 2488 1005 iucundissi-

674 1022 677 1025 ’
716 1029 879 1066 mam
892 1013 1111 1066 horum
1123 1013 1530 1070 tractationem
1541 1024 1803 1072 avertere
1817 1021 1993 1084 possit,
2007 1021 2102 1074 sed
2115 1023 2490 1087 quaestuofior

379 1114 381 1116 -
482 1114 485 1117 -
718 1084 794 1137 est
805 1084 991 1138 vestra
1004 1086 1309 1140 Medicina
1323 1090 1491 1142 iuxta
1503 1096 1672 1142 vetus
1689 1088 1928 1144 dietum:
1949 1093 2077 1147 Dat
2093 1092 2495 1150 GALENUS
2537 1101 2566 1145 τ·

286 1173 440 1226 opes
472 1163 575 1210 etc.
609 1157 678 1209 Et
709 1158 1060 1223 plerumque
1091 1159 1370 1212 mortales
1400 1176 1520 1226 quo
1550 1161 1684 1226 plus
1715 1161 2030 1225 senescunt,
2064 1180 2136 1217 eo
2165 1165 2490 1219 redduntur
2542 1184 2585 1220 10

285 1232 602 1291 avariores,
636 1245 705 1282 ac
736 1229 1092 1282 terrestribus
1123 1230 1257 1296 plus
1288 1234 1461 1296 proni
1492 1232 1742 1295 inhiant,
1779 1234 2104 1288 coelestibus
2134 1236 2487 1301 posthabitis

286 1301 465 1366 Quod
491 1307 692 1354 tamen
717 1301 995 1354 nonnihil
1019 1302 1096 1355 ad
1121 1300 1384 1368 neglecta
1403 1302 1533 1356 haec
1552 1304 1738 1358 studia
1756 1306 1962 1367 redire,
1985 1312 2040 1359 et
2058 1307 2341 1361 PROCLI
2361 1309 2488 1376 Hy-

284 1373 552 1440 potheses
573 1373 865 1438 explicare
887 1373 1228 1435 decreveris,
1249 1374 1431 1428 laudo
1450 1375 1791 1441 plurimum,
1811 1377 2109 1443 velimque
2129 1379 2278 1432 mihi
2295 1395 2489 1433 exem-

284 1445 414 1511 plar
441 1445 874 1512 Hypothefium
899 1445 1138 1498 illarum
1163 1445 1446 1499 PROCLI
1470 1450 1683 1501 mittas,
1712 1449 2000 1502 Nondum
2026 1452 2187 1503 enim
2212 1451 2490 1505 Latinum

285 1516 505 1570 habere
536 1519 720 1582 potui,
754 1519 1027 1582 quamvis
1054 1516 1187 1570 satis
1216 1517 1364 1570 mihi
1393 1518 1622 1581 constet,
1657 1535 1773 1580 eas,
1806 1519 2090 1586 liquidem
2119 1522 2490 1577 Ptolemaicis
2543 1541 2586 1578 15

286 1592 554 1642 nituntur
581 1588 997 1649 fundamentiS,
1031 1588 1185 1641 coelo
1215 1591 1463 1642 minime
1493 1591 1596 1643 esse
1625 1591 1701 1644 ad
1730 1593 1995 1645 amussim
2024 1593 2327 1647 consonas,
2361 1594 2490 1648 Nos

287 1663 447 1713 enim
467 1659 694 1725 aliquot
712 1675 1011 1713 annorum
1030 1661 1491 1725 praecedentium
1512 1662 1948 1727 exquifitissimis
1964 1667 2027 1717 in
2042 1671 2210 1718 motu
2223 1665 2375 1719 Solis
2390 1666 2489 1719 ob-

285 1732 709 1785 servationibus
741 1731 1254 1797 deprehendimus,
1290 1748 1400 1785 nec
1430 1733 1867 1797 Ptolemaicam,
1903 1751 2013 1788 nec
2046 1736 2491 1801 Copernianam

287 1803 657 1871 Hypothefin
676 1803 851 1869 ipfius
871 1806 1233 1870 apparentijs
1251 1803 1589 1867 satisfacere,
1615 1805 1908 1872 longeque
1934 1807 2116 1860 aliam
2137 1809 2240 1860 esse
2260 1809 2491 1876 Apogei

288 1883 343 1929 et
369 1877 822 1929 Eccentricitatis
850 1878 1159 1936 rationem,
1190 1891 1372 1941 quam
1397 1882 1645 1942 uterque
1670 1876 1889 1930 horum
1914 1877 2207 1932 artificum
2235 1879 2489 1946 praesup-
2539 1898 2587 1934 κο

285 1947 496 2014 posuit:
529 1954 593 2000 ut
621 1946 801 2009 brevi,
835 1946 968 1999 Deo
1000 1946 1252 2008 volente,
1292 1962 1365 1999 ex
1400 1949 1855 2014 quamplurimis
1888 1949 2209 2016 ijsdemque
2243 1953 2490 2005 minime

286 2019 594 2073 fallacibus
624 2018 1126 2072 observationibus
1154 2018 1547 2072 Astronomiae
1577 2019 1897 2074 cultoribus
1928 2021 2129 2087 palam
2160 2022 2489 2077 reddemus,

287 2092 492 2144 Motus
523 2093 683 2143 enim
709 2090 861 2143 Solis
890 2090 1040 2143 adeo
1072 2087 1273 2143 exadte
1301 2091 1472 2144 nobis
1502 2091 1734 2153 constat,
1764 2099 1829 2145 ut
1856 2092 2092 2159 lingulis
2120 2093 2326 2147 diebus
2355 2110 2492 2148 cum

286 2163 563 2216 serenitas
577 2161 1046 2215 observationem
1059 2168 1249 2215 ratam
1262 2162 1520 2229 largitur,
1540 2163 1750 2216 nostrae
1764 2163 2140 2218 calculationi
2154 2181 2227 2218 ex
2239 2168 2491 2232 proprijs

286 2234 530 2287 Tabulis
551 2234 754 2299 inipso
774 2233 1045 2299 scrupulo
1066 2234 1142 2286 ad
1162 2235 1425 2287 amussim
1446 2234 1909 2300 correspondeat,
1937 2235 2227 2289 differenti
2245 2243 2369 2290 tam
2387 2237 2489 2290 Al·
2540 2255 2587 2291 2⁵

286 2306 576 2372 phonfina
614 2321 796 2370 quam
836 2305 1219 2371 Coperniana
1255 2308 1484 2359 ratione
1520 2306 1927 2372 saepenumero
1966 2307 2489 2374 quamplurimum,

288 2378 438 2431 adeo
459 2384 523 2430 ut
541 2377 656 2431 hoc
676 2393 855 2438 ann0‚
877 2376 1013 2430 Sole
1034 2375 1457 2442 aequinodtium
1472 2394 1725 2430 vernum
1741 2379 2118 2445 ingrediente,
2140 2379 2413 2433 defecerit
2428 2382 2492 2432 in

287 2449 463 2515 ipfius
492 2455 659 2502 motu
689 2448 1117 2502 COPERNICI
1148 2451 1298 2502 ratio
1326 2449 1539 2502 semisse
1571 2452 1769 2515 partis,
1802 2450 2191 2504 abundaverit
2217 2466 2360 2504 vero
2389 2451 2490 2504 Al-

286 2521 714 2587 phonfinorum
730 2523 880 2574 ratio
897 2524 1077 2586 partis
1095 2521 1439 2585 quadrante.
1460 2521 1645 2574 Paulo
1660 2516 1682 2590 ΙΙ
1697 2524 1858 2574 enim
1871 2525 2175 2588 propiores
2189 2538 2351 2582 nunc,
2361 2522 2491 2575 sunt
2521 2532 2575 2577 81
2587 2543 2610 2561 v

287 2592 639 2659 Alphonfini
651 2608 811 2654 vero,
833 2608 1015 2658 quam
1028 2592 1145 2658 ipse
1161 2592 1679 2654 COPERNICUS‚
1701 2599 1992 2658 quantum
2006 2594 2081 2646 ad
2096 2593 2248 2647 Solis
2261 2601 2491 2647 motum
2539 2612 2587 2648 30

288 2668 507 2726 attinet,
529 2667 801 2730 quamvis
821 2664 998 2717 ambo
1018 2663 1462 2717 intolerabiliter
1482 2664 1731 2717 devient.
1753 2665 1822 2717 In
1840 2671 2006 2718 motu
2026 2681 2169 2718 vero
2190 2666 2377 2718 Lunae
2397 2680 2490 2718 ve-

288 2740 408 2790 rior
434 2737 509 2789 est
535 2734 910 2801 exactiorque
935 2735 1291 2802 Hypothefis
1313 2734 1756 2788 COPERNICI.
1784 2736 1967 2801 quue
1993 2743 2121 2789 tum
2147 2737 2364 2790 crebrae
2391 2737 2490 2790 ob-

287 2809 643 2861 servationes
668 2808 922 2860 Lunaris
948 2806 1147 2860 cursus
1173 2810 1328 2860 circa
1351 2807 1422 2859 90
1446 2807 1694 2872 gradum
1723 2807 1797 2860 ab
1825 2814 1973 2867 ortu,
2002 2814 2130 2860 tum
2157 2808 2491 2873 parallaxes

289 2879 464 2945 ipfius
490 2879 822 2945 diligentius
846 2895 883 2932 a
905 2879 1075 2932 nobis
1096 2881 1451 2931 examinatae
1470 2894 1582 2931 nos
1600 2878 2008 2944 saepenumero
2029 2879 2377 2940 docuerunt;
2404 2886 2490 2932 ut-

288 2958 353 3003 ut
374 2958 428 3003 et
447 2951 543 3004 hae
564 2967 688 3003 non
706 2966 920 3016 parum
940 2950 1190 3003 devient.
1212 2949 1587 3002 Defideratur
1608 2952 1769 3002 enim
1785 2950 2009 3015 aliquid
2023 2953 2086 3002 in
2098 2949 2308 3016 medijs
2322 2953 2489 3003 moti·
2539 2968 2586 3004 35

289 3022 415 3075 buS.
439 3023 509 3074 Et
528 3025 829 3088 proportio
850 3022 1418 3076 semidiametrorum
1438 3020 1694 3088 Epicycli
1713 3021 2011 3086 utriusque
2032 3021 2108 3074 ad
2127 3021 2488 3074 semidiame-

289 3100 446 3146 trum
467 3094 839 3146 Concentrici
859 3094 1040 3159 paulo
1062 3093 1230 3146 aliter
1248 3092 1558 3145 limitanda
1576 3095 1752 3153 venit,
1782 3099 1836 3145 et
1860 3092 2007 3145 forte
2031 3092 2150 3146 alia
2170 3092 2365 3146 adhuc
2383 3095 2490 3145 mi-

290 3180 403 3217 nus
422 3164 715 3229 perspecta
728 3165 1118 3230 inaequalitas.
1141 3164 1642 3218 COPERNICUS
1658 3167 1817 3216 enim
1830 3165 2054 3217 rudiori
2067 3165 2346 3218 Minerva
2358 3164 2490 3216 suas

291 3235 724 3289 observationes
742 3236 980 3301 perfecit
1000 3237 1296 3290 destitutus
1315 3239 1561 3302 magniS,
1583 3235 1978 3301 exquifiteque
1999 3251 2031 3288 e
2051 3235 2234 3289 solido
2250 3235 2490 3288 metallo
2579 3291 2581 3293 ,

292 3307 604 3360 elaboratis
623 3307 1030 3370 instrumentiS,
1053 3308 1255 3373 qualia
1270 3323 1381 3360 nos
1399 3308 1854 3372 quamplurima,
1875 3314 2001 3360 tum
2020 3310 2301 3360 varietate
2320 3306 2489 3358 struc-
2539 3323 2586 3359 40

290 3385 456 3440 turae,
488 3385 616 3431 tum
647 3379 1066 3444 magnitudinis
1099 3386 1153 3431 et
1186 3378 1603 3432 elaborationis
1635 3377 1856 3431 affabre
1887 3385 1941 3431 et
1972 3376 2238 3443 perfecte,
2271 3379 2490 3500 isngenti

2305 3454 2489 3509 umtu,
