2644 4030
263 294 358 347 210
796 291 1236 344 EPISTOLAE
1260 289 1932 344 ASTRONOMICAE

265 435 532 498 adeoque
549 440 670 485 tota
684 432 1076 498 Philosophia,
1098 439 1163 484 ut
1182 432 1254 484 de
1268 431 1640 497 Theologicis
1659 448 1784 484 non
1803 432 2013 493 dicam,
2033 435 2115 485 ita
2133 432 2358 498 semper
2376 436 2462 486 in-

265 509 494 571 quirere
515 504 719 565 studui,
740 511 804 556 ut
824 520 957 556 eam
978 519 1160 569 quam
1179 506 1447 568 proxime
1468 504 1681 568 assequi
1696 504 1898 556 divina
1910 503 2190 569 largiente
2203 504 2463 557 bonitate

263 582 545 642 perpetuo
573 577 912 639 cupiverim,
939 574 1089 626 nulli
1115 575 1304 626 labori
1322 574 1418 626 vel
1441 574 1695 639 sumptui
1721 582 1823 627 aut
1850 577 2028 627 etiam
2053 574 2237 627 studio
2263 575 2376 628 hac
2400 579 2464 628 in

263 663 325 699 re
339 662 601 711 parcens,
624 646 881 710 Ideoque
896 661 1021 698 non
1035 645 1125 706 est,
1142 645 1302 710 quod
1317 645 1603 697 existimes
1615 661 1712 698 me
1726 647 2030 698 veritatem
2043 646 2465 711 pulchritudini

265 726 319 771 et
339 720 575 783 ingenio
595 717 953 782 posthabere,
974 732 1169 781 neque
1191 716 1445 768 etiamid
1463 719 1616 769 circa
1633 716 2107 769 MAESTHLINI
2123 717 2463 782 speculatio·
2512 733 2535 769 ⁵

263 804 401 841 nem
428 789 618 840 dicere
638 788 818 848 volui,
847 788 1353 852 quemadmodum
1378 794 1443 839 tu
1467 787 1605 839 inde
1631 787 1870 853 colligiS.
1890 787 2110 840 Textus
2129 803 2299 840 meus
2319 788 2359 840 fi
2378 804 2464 841 re-

263 861 503 925 legatur,
530 860 590 911 id
615 875 739 911 non
766 858 1076 919 exhibebit,
1103 859 1199 911 sed
1224 858 1508 923 siquidem
1533 858 1607 910 fic
1625 861 1732 919 viS,
1759 859 1953 911 dicam
1979 859 2262 924 quiddam
2285 859 2464 921 aliud,

264 931 443 983 modo
454 930 809 995 paradoxice
821 945 992 995 agere
1002 930 1190 982 liceat.
1206 929 1375 982 Nihil
1387 930 1461 982 est
1471 929 1803 994 pulchrum,
1815 930 1921 982 nili
1932 937 1987 982 et
1997 930 2155 982 idem
2165 929 2229 982 sit
2239 945 2464 992 verum,

264 1017 458 1066 neque
471 1017 697 1062 verum,
718 1001 823 1053 nifi
839 1000 1170 1066 pulchrum.
1193 1000 1372 1065 Quod
1386 996 1407 1069 ΙΙ
1422 1008 1621 1053 autem
1635 1001 1990 1066 superaddiS,
2010 1017 2119 1054 nec
2134 1001 2465 1054 MAESTH-
2501 1010 2579 1054 12r

265 1073 533 1126 LINUM
559 1088 668 1125 nec
695 1088 1039 1137 quenquam
1065 1072 1251 1125 alium
1273 1075 1337 1124 in
1360 1073 1748 1125 Cometarum
1766 1071 2025 1124 Theoria
2043 1074 2366 1133 veritatem,
2393 1072 2465 1126 de
2519 1088 2562 1124 ιο

265 1161 384 1209 qua
403 1144 719 1209 loquimur,
742 1145 1054 1196 assecutum
1075 1145 1194 1204 esse‚
1216 1143 1723 1208 quemadmodum
1739 1146 1802 1195 in
1819 1143 2075 1196 aliorum
2087 1143 2467 1196 Planetarum

265 1216 520 1267 motibus
540 1214 668 1267 fieri
687 1215 844 1275 solet,
865 1215 962 1267 hic
982 1215 1198 1267 videris
1218 1230 1342 1266 non
1362 1223 1485 1267 tam
1502 1214 2007 1267 MAESTHLINO
2023 1230 2206 1279 quam
2218 1215 2367 1267 mihi
2380 1217 2466 1267 ni-

264 1290 451 1339 mium
473 1287 770 1352 derogare.
799 1286 953 1350 Quae
979 1289 1043 1338 in
1067 1286 1242 1351 ipfius
1267 1285 1573 1353 hypothesi
1595 1286 1862 1339 Cometae
1889 1285 2299 1347 desiderentur,
2326 1285 2466 1351 ipse·

265 1365 384 1411 met
403 1358 536 1420 satis
555 1360 619 1409 in
638 1365 909 1423 apertum
930 1358 1162 1419 deduxi,
1187 1364 1250 1410 ut
1271 1364 1326 1410 et
1344 1357 1527 1422 paulo
1548 1363 1725 1410 antea
1745 1357 1882 1418 dixi,
1905 1363 1960 1410 et
1980 1372 2100 1422 quo
2119 1357 2252 1410 loco
2273 1373 2345 1410 ea
2363 1357 2466 1410 ha-

265 1430 460 1482 benda
480 1430 665 1490 essent,
687 1429 922 1481 ostendi.
937 1430 1160 1481 Verum
1176 1444 1282 1494 ego
1297 1428 1479 1481 aliam
1492 1428 1878 1481 revolutionis
1894 1429 2161 1481 Cometae
2177 1431 2469 1482 rationem
2520 1444 2563 1481 15

267 1501 518 1561 condidi,
546 1516 665 1565 qua
686 1500 1013 1565 quiescente
1033 1499 1233 1562 Terra,
1259 1507 1323 1552 ut
1342 1499 1594 1566 Physicis
1615 1502 1793 1552 etiam
1812 1499 2120 1561 satisfieret,
2146 1499 2322 1566 ipsius
2340 1515 2466 1552 mo-

266 1580 392 1624 tum
419 1578 474 1624 et
500 1574 876 1637 apparentias
901 1587 1005 1636 per
1030 1578 1215 1624 totam
1241 1572 1615 1624 durationem
1640 1571 1792 1624 adeo
1817 1571 2053 1636 praecise
2079 1577 2298 1624 tutatus
2323 1571 2468 1633 sum,

267 1650 330 1695 ut
359 1643 650 1708 nusquam
678 1642 951 1695 sextantis
977 1645 1155 1695 unius
1183 1643 1399 1709 gradus
1425 1643 1682 1708 digressio
1708 1643 1782 1695 ab
1808 1642 1940 1707 ipfis
1967 1642 2469 1695 observationibus

268 1716 561 1767 commissa
579 1714 664 1774 fit;
686 1730 765 1766 an
786 1714 892 1766 ulli
911 1714 1290 1767 Planetarum
1311 1717 1582 1766 omnium
1595 1716 1659 1766 in
1671 1714 1788 1766 suis
1803 1714 2106 1766 curriculis
2118 1729 2223 1778 per
2237 1713 2469 1779 quasvis

267 1785 551 1838 hactenus
577 1785 743 1838 datas
768 1784 1118 1850 hypotheses
1143 1785 1219 1838 ad
1244 1792 1470 1838 tantam
1497 1787 1925 1838 numerationis
1950 1785 2352 1850 praecifionem
2372 1785 2468 1838 de·
2517 1801 2564 1838 20

268 1856 423 1909 duc‘ti
448 1857 569 1918 lint,
598 1857 840 1921 quilibet
866 1857 1162 1918 discernet,
1190 1859 1292 1921 qui
1319 1856 1539 1909 coelum
1563 1863 1618 1909 et
1639 1856 1871 1909 tabulas
1890 1856 2262 1922 introspicere
2281 1859 2468 1918 novit;

266 1928 590 1980 multorum
617 1931 777 1979 enim
805 1928 1096 1992 graduum
1122 1943 1558 1993 nonnunquam
1585 1930 1649 1980 in
1674 1927 1766 1979 his
1792 1930 2171 1980 committitur
2196 1927 2468 1980 deviatio,

268 2000 395 2051 Imo
410 2014 485 2051 ne
501 1999 740 2063 quidem
761 1999 1074 2051 amborum
1094 1998 1481 2051 luminarium
1501 2005 1698 2051 motus
1717 2001 1798 2051 ita
1818 2006 1975 2051 certo
1995 1997 2279 2052 hactenus
2299 2001 2469 2051 extri-

268 2073 380 2123 cati
406 2069 551 2130 sunt,
579 2073 722 2135 quin
742 2072 806 2121 in
826 2070 961 2122 Sole
989 2073 1167 2122 etiam
1192 2072 1384 2123 maior
1410 2070 1655 2122 dimidio
1678 2071 1864 2136 gradu
1884 2073 2020 2122 etin
2041 2070 2212 2122 Luna
2230 2070 2364 2136 plus
2382 2072 2469 2122 in-

267 2148 427 2207 tegro
449 2142 667 2194 coelum
694 2141 862 2193 aliter
887 2157 1096 2193 eorum
1121 2144 1497 2206 apparentias
1522 2157 1961 2207 nonnunquam
1986 2140 2261 2203 ostendat,
2288 2156 2470 2206 quam
2519 2157 2566 2193 2⁵

269 2214 549 2266 Canones
569 2212 684 2265 five
707 2213 1071 2277 Coperniani
1090 2212 1205 2264 five
1225 2212 1579 2278 Alphonfini
1599 2213 1893 2266 exhibent.
1922 2213 2080 2266 Cum
2103 2215 2275 2278 igitur
2296 2213 2470 2278 longe

267 2287 459 2337 maior
485 2299 621 2336 cum
647 2283 800 2336 coelo
825 2287 1239 2337 convenientia
1263 2300 1400 2337 mea
1424 2284 1729 2350 hypothesi
1750 2284 1949 2349 quoad
1969 2284 2283 2337 Cometam
2302 2283 2472 2337 illum

270 2356 570 2408 elaborata
594 2355 674 2416 fit,
702 2371 884 2420 quam
908 2358 973 2407 in
998 2355 1122 2407 ullo
1148 2356 1528 2408 Planetarum
1553 2371 1823 2420 unquam
1849 2362 2026 2408 antea
2049 2354 2285 2421 factum,
2312 2354 2470 2420 quid,

270 2427 484 2491 quaes0,
506 2429 590 2478 r-ei
612 2427 702 2488 est,
725 2427 885 2492 quod
900 2442 1034 2479 eam
1047 2434 1334 2492 tanquam
1348 2429 1577 2480 veritati
1592 2429 1791 2479 minus
1805 2426 2125 2479 consonam
2137 2434 2470 2491 praetereaS,

268 2498 363 2550 vel
382 2498 614 2563 prorsus
634 2501 737 2564 reij
746 2497 900 2550 cias?
926 2514 1084 2550 anne
1104 2498 1234 2551 haec
1254 2501 1335 2551 ita
1353 2498 1410 2550 se
1429 2497 1649 2551 habere
1669 2501 1904 2551 numeri
1924 2514 1996 2551 ex
2016 2497 2321 2564 hypothesi
2339 2512 2469 2563 pag.
2518 2513 2566 2550 30

269 2570 373 2622 206
395 2576 449 2622 et
469 2569 698 2622 duabus
718 2570 830 2635 seq.
853 2570 1099 2622 derivati
1118 2577 1294 2635 atque
1315 2586 1452 2622 cum
1470 2572 1559 2635 ijs,
1581 2585 1716 2635 quae
1738 2585 1810 2622 ex
1831 2569 2233 2623 observatione
2251 2585 2381 2635 pag.
2401 2568 2472 2622 86

271 2648 325 2693 01
339 2641 599 2706 sequenti
614 2641 970 2702 derivantur,
992 2641 1306 2693 collatione
1320 2640 1488 2702 facta,
1508 2641 1642 2694 satis
1656 2639 2049 2694 convincunt?
2069 2640 2131 2694 Si
2144 2641 2286 2706 quid
2299 2643 2472 2706 igitur

270 2712 469 2774 habeS‚
498 2713 658 2777 quod
677 2715 741 2764 in
759 2712 872 2765 hac
898 2712 1205 2778 hypothesi
1223 2728 1360 2765 mea
1379 2728 1416 2764 a
1437 2712 1650 2765 coelesti
1671 2713 1938 2765 Cometae
1960 2715 2168 2764 itinere
2188 2712 2472 2764 dissonum

270 2784 349 2844 fit,
370 2784 516 2835 illud
535 2799 758 2847 prome,
783 2800 978 2848 neque
998 2799 1061 2836 re
1082 2799 1206 2836 non
1224 2783 1358 2836 satis
1377 2782 1672 2849 perspecta
1691 2790 1747 2836 et
1765 2787 1964 2836 minus
1985 2783 2305 2836 deliberata
2323 2783 2471 2836 iudi-

272 2858 429 2906 cium
448 2871 815 2920 praeoccupa.
844 2856 965 2920 Ego
985 2855 1123 2907 sane
1143 2871 1267 2907 non
1286 2856 1476 2915 vide0,
1498 2851 1519 2923 ΙΙ
1541 2855 1682 2920 quid
1702 2855 1800 2907 1110
1820 2855 2143 2907 desiderare
2162 2855 2345 2920 possis,
2366 2853 2472 2906 nifi
2506 2861 2590 2906 12v

271 2926 331 2977 id
349 2932 405 2977 te
425 2926 571 2977 forte
591 2933 805 2987 movet,
828 2927 988 2991 quod
1007 2926 1204 2978 mense
1219 2927 1546 2979 Novembri
1565 2933 1761 2978 motus
1782 2926 2182 2991 aequalitatem
2198 2928 2261 2977 in
2276 2925 2380 2977 suo
2394 2924 2471 2978 ad

273 2996 472 3048 Solem
493 3000 737 3049 circuitu
756 3013 880 3049 non
899 2998 1032 3049 satis
1055 2997 1358 3062 praecisam
1379 2998 1787 3050 conservarim.
1808 2998 2032 3049 Verum
2052 2999 2155 3061 qui
2175 2997 2234 3049 id
2253 2994 2473 3050 sactum

273 3067 351 3127 fit,
364 3068 602 3131 ipsemet
612 3084 739 3133 pag.
751 3069 841 3120 133
853 3068 1204 3121 sufficienter
1216 3068 1502 3121 excusavi.
1516 3068 1636 3121 Etsi
1647 3069 1972 3121 admodum
1981 3068 2259 3121 subtiliter
2269 3069 2473 3120 omnia

273 3141 475 3190 rimari
503 3138 809 3202 placuisset,
839 3143 1042 3204 utique
1071 3156 1175 3205 per
1201 3140 1585 3205 compofitum
1611 3140 1956 3192 circularem
1981 3145 2211 3191 motum
2237 3146 2292 3191 et
2316 3138 2472 3191 hanc

274 3209 708 3273 aliquantulam
732 3211 1198 3275 inaequalitatem
1222 3213 1374 3263 tueri
1399 3227 1523 3263 non
1545 3211 1724 3263 fuisset
1748 3210 2102 3276 impossibile,
2128 3225 2338 3262 verum
2364 3224 2471 3275 ego
2519 3225 2567 3261 40

273 3280 479 3331 volens
493 3280 551 3332 id
566 3282 919 3344 praetermisi,
941 3298 1017 3334 ne
1031 3298 1157 3334 rem
1171 3285 1424 3334 nimium
1438 3285 1789 3342 intricarem,
1808 3297 1944 3334 cum
1958 3284 2137 3334 etiam
2149 3280 2397 3333 dubium
2408 3279 2473 3332 fit

276 3350 361 3415 (ut
382 3366 455 3403 ex
473 3352 764 3416 prioribus
780 3368 1018 3417 quoque
1033 3353 1302 3419 colligere
1317 3353 1472 3418 licet)
1487 3369 1567 3406 an
1582 3353 1849 3406 Cometae
1863 3351 2113 3418 perfecte
2127 3351 2472 3405 circularem

2224 3429 2470 3483 motum,
