2644 4030
81 1101 124 1137 10

83 1457 124 1492 15

79 1813 126 1848 20

67 2162 150 2205 11v

83 2881 130 2916 35

249 302 551 356 TYCHO
572 303 694 355 AD
715 301 1256 356 THADDAEUM
1278 300 1763 355 HAGECIUM
1784 303 1805 354 l
1826 302 2026 356 NOV.
2048 303 2193 357 1589
2266 302 2370 356 209

172 460 351 510 quem
371 443 664 505 exhibent,
686 445 836 497 adeo
856 444 1092 510 praecise
1113 444 1459 497 circularem
1478 450 1581 497 aut
1599 443 1747 497 forte
1765 460 1796 497 e
1815 444 2195 497 circularibus
2215 460 2370 497 com-

170 516 437 581 positum,
470 522 534 568 ut
562 519 757 569 caeteri
785 516 1062 577 Planetae,
1094 516 1373 581 praebent,
1405 518 1640 568 interim
1670 522 1871 568 tamen
1902 531 2026 568 non
2053 516 2307 569 multum
2335 532 2373 568 a

172 587 574 640 circularitatis
599 585 954 652 perfeclione
981 587 1352 652 degenerant,
1378 586 1474 639 sed
1501 587 1699 651 quoad
1725 586 1854 639 fieri
1882 587 2076 652 potest,
2107 587 2372 639 Planeta-

171 674 306 710 rum
326 658 530 710 aemuli
548 658 693 718 sunt,
722 674 857 723 quae
878 659 1066 710 caussa
1084 674 1180 710 me
1201 658 1459 719 adduxit,
1486 665 1550 710 ut
1574 657 1814 710 illorum
1840 664 2224 722 apparentem
2247 674 2372 710 cur-

171 729 299 781 sum
311 731 375 780 in
388 728 777 795 hypotheseos
791 730 1042 781 alicuius
1058 729 1214 795 leges
1229 729 1498 794 colligere
1513 745 1637 781 non
1650 732 2002 781 intentatum
2015 729 2372 794 reliquerim.

172 799 372 852 Refers
397 806 698 865 praeterea,
725 807 780 852 te
808 801 1048 864 quidem
1067 799 1215 852 mihi
1235 801 1480 853 assentiri
1499 803 1563 852 in
1584 815 1671 861 e0,
1700 800 1859 864 quod
1882 799 2193 865 pulchram
2213 807 2268 852 et
2288 803 2373 852 in-

171 870 470 937 geniosam
490 870 964 923 MAESTHLINI
983 871 1441 935 speculationem
1462 871 1618 924 fuisse
1642 872 1907 932 dixerim,
1933 871 2029 923 sed
2054 871 2373 937 pulchritu-

172 942 372 994 dinem
405 949 461 994 et
490 942 862 995 subtilitatem
892 945 1139 1002 veritati,
1173 958 1308 1007 quae
1340 945 1524 994 virtus
1557 942 1631 994 est
1662 942 2076 1007 pulcherrima,
2113 958 2238 995 non
2271 944 2374 994 esse

172 1013 633 1066 anteferendam.
661 1013 726 1065 Id
746 1014 907 1078 quod
927 1029 1034 1079 ego
1054 1013 1191 1065 sane
1212 1014 1519 1078 nusquam,
1548 1014 1708 1078 quod
1734 1014 1926 1074 sciam,
1953 1013 2080 1075 feci,
2107 1016 2229 1066 imo
2250 1014 2374 1066 ubi-

173 1100 305 1149 que,
322 1100 441 1149 qua
453 1084 582 1136 fieri
596 1100 865 1149 unquam
879 1100 982 1149 per
995 1100 1092 1136 me
1106 1087 1294 1149 potuit
1308 1085 1621 1149 diligentia,
1633 1087 1892 1137 veritatis
1905 1084 2158 1137 latebras
2170 1100 2375 1137 eruere

170 1155 454 1216 laboravi,
481 1171 676 1220 neque
704 1171 810 1221 ego
837 1155 1312 1208 MAESTHLINI
1338 1155 1685 1221 hypothefin
1706 1156 1780 1207 ob
1800 1155 2300 1220 pulchritudinem
2321 1163 2375 1208 et

172 1227 534 1293 ingeniosam
560 1229 966 1279 inventionem
991 1226 1124 1278 satis
1149 1233 1339 1278 ratam
1364 1227 1698 1291 praedicavi‚
1728 1226 1824 1279 sed
1849 1226 2050 1279 saltem
2078 1242 2374 1279 commen-

173 1298 313 1350 dare
333 1298 498 1350 volui
523 1298 698 1363 ipfius
724 1301 890 1350 omni
914 1298 1090 1350 laude
1117 1298 1500 1363 dignissimam
1522 1297 1879 1358 industriam,
1908 1314 2027 1362 qua
2045 1298 2105 1349 id
2126 1300 2377 1362 experiri

172 1370 453 1435 aggressus
475 1369 564 1430 est,
587 1369 746 1434 quod
761 1371 956 1421 caeteri
970 1384 1178 1421 omnes
1191 1368 1447 1420 insolens
1462 1369 1566 1420 esse
1582 1368 1923 1430 existimant,
1944 1371 2066 1420 imo
2087 1376 2377 1433 quantum

172 1440 347 1506 ipfius
379 1440 712 1506 hypothesis
744 1440 818 1493 ab
851 1439 982 1505 ipfis
1014 1442 1373 1505 apparentijs
1406 1439 1674 1492 Cometae
1706 1439 2023 1499 deflexerit,
2056 1440 2375 1504 praesertim

173 1514 339 1564 iuxta
363 1514 531 1564 initia
551 1514 678 1564 eius
698 1514 1083 1576 apparitionis
1104 1518 1159 1563 et
1178 1511 1367 1563 multo
1387 1511 1582 1563 adhuc
1602 1511 1735 1575 plus
1758 1526 1941 1575 prope
1967 1510 2166 1572 finem,
2195 1511 2375 1563 existi-

172 1598 290 1643 mo,
323 1586 626 1635 neminem
656 1582 889 1647 plenius
920 1589 975 1634 et
1004 1585 1215 1634 certius
1247 1583 1530 1642 indicasse,
1565 1597 1747 1646 quam
1776 1598 1813 1634 a
1840 1598 1954 1642 me,
1986 1582 2082 1633 vel
2113 1582 2235 1646 ipso
2269 1581 2378 1646 (uti

171 1653 361 1719 spero)
388 1653 893 1707 MAESTHLINO
919 1654 1129 1715 iudice,
1155 1652 1374 1706 factum
1401 1653 1491 1705 est.
1521 1653 1758 1706 Ostendi
1783 1653 2067 1718 liquidem
2092 1652 2376 1719 hypothe-

172 1725 257 1777 fin
275 1725 440 1777 illam
460 1741 497 1778 a
516 1727 804 1790 principio
825 1728 991 1777 iuxta
1008 1725 1384 1777 medietatem
1406 1725 1756 1790 potissimum
1776 1724 2133 1776 Novembris
2152 1727 2378 1790 integro

173 1797 359 1862 gradu
377 1812 482 1861 per
500 1797 638 1849 inde
659 1795 968 1849 deduc'tam
988 1799 1466 1848 numerationem
1483 1811 1694 1848 verum
1711 1796 1979 1848 Cometae
1998 1795 2198 1848 locum
2218 1796 2375 1848 coeli-

173 1876 266 1920 tus
281 1867 757 1921 animadversum
771 1868 1058 1920 excessisse.
1080 1868 1148 1920 In
1164 1867 1284 1920 fine
1299 1874 1516 1928 autem,
1531 1867 1800 1919 videlicet
1813 1870 1966 1919 circa
1981 1867 2239 1933 Ianuarij
2257 1882 2376 1918 me-

175 1940 450 1992 dietatem
480 1946 535 1992 et
564 1939 770 1992 diebus
799 1939 1025 2004 aliquot
1052 1938 1426 2004 sequentibus
1452 1938 1634 2003 usque
1660 1939 1737 1991 ad
1762 1938 1922 1990 26ῒυω
1950 1938 2093 2002 (quo
2120 1938 2316 1990 adhuc
2342 1954 2379 1991 a

173 2010 344 2063 nobis
360 2011 612 2063 Cometa
624 2010 722 2063 ille
739 2009 1075 2075 conspec'tus
1097 2010 1187 2071 est,
1208 2010 1341 2062 licet
1359 2010 1529 2062 illum
1549 2010 1648 2075 alij
1673 2009 1880 2075 defijsse
1899 2008 2180 2073 putarint)
2201 2011 2378 2061 nimis

174 2082 490 2135 retardavit
521 2081 696 2147 ipsius
729 2082 978 2143 cursum,
1012 2081 1163 2134 adeo
1194 2088 1261 2133 ut
1291 2097 1415 2133 non
1446 2080 1635 2133 solum
1663 2083 1841 2132 unius
1870 2080 1965 2132 vel
1993 2080 2250 2141 alterius,
2282 2080 2379 2132 sed

177 2155 356 2206 etiam
375 2156 541 2206 iuxta
559 2153 799 2205 ultimos
815 2152 1135 2218 praesertim
1150 2153 1407 2217 Ianuarij
1427 2153 1550 2204 dies
1565 2152 1963 2204 deviationem
1976 2151 2040 2206 3}
2053 2146 2074 2219 ΙΙ
2088 2151 2379 2216 graduum

174 2227 444 2289 proxime
465 2224 832 2284 commiserit,
860 2239 996 2289 quae
1016 2223 1154 2276 sane
1176 2224 1250 2275 est
1269 2223 1669 2275 intolerabilis.
1698 2223 1850 2274 Haec
1876 2229 1932 2275 et
1957 2222 2076 2274 alia
2102 2223 2379 2286 quaedam

176 2298 331 2348 circa
357 2295 522 2348 illam
550 2295 898 2362 hypothesin
926 2294 1233 2360 disquifivi,
1263 2310 1458 2359 neque
1487 2301 1687 2346 tamen
1716 2294 1791 2346 ob
1817 2294 1877 2346 id
1903 2293 2379 2346 MAESTHLINI

174 2366 427 2419 studium
451 2366 805 2431 praeclarum
826 2369 964 2418 etin
983 2366 1096 2418 hac
1115 2368 1458 2418 inventione
1478 2365 1743 2418 laborem
1769 2364 2115 2417 industrium
2133 2364 2378 2429 vilipen-

177 2438 314 2490 dere
343 2438 553 2498 decuit,
584 2453 720 2490 cum
747 2453 926 2489 nemo
951 2440 1181 2489 veritati
1205 2439 1571 2501 proximiora
1594 2439 1746 2488 inter
1772 2443 2014 2488 caeteros
2042 2435 2379 2488 Germanos

176 2508 498 2574 protulerit,
531 2511 654 2561 imo
686 2509 927 2574 quidem
955 2524 1031 2560 ne
1060 2508 1236 2560 semel
1267 2523 1394 2560 rem
1421 2515 1544 2560 tam
1572 2508 1823 2560 arduam
1850 2514 2075 2559 tentare
2105 2507 2228 2559 aufi
2255 2506 2377 2558 fint.

178 2581 339 2633 Nam
359 2580 519 2645 quod
539 2583 705 2633 iuxta
725 2579 1258 2633 COPERNICUM
1280 2579 1479 2632 Solem
1499 2579 1791 2643 quiescere
1813 2585 1867 2631 et
1886 2578 2132 2630 Terram
2152 2593 2379 2630 annua-

175 2654 282 2704 tim
302 2652 576 2704 convolvi
594 2651 817 2712 statuat,
837 2651 898 2703 id
918 2666 955 2703 a
974 2650 1415 2703 Mathematicis
1434 2649 1520 2702 illi
1538 2649 1709 2702 facile
1727 2649 2189 2702 condonandum
2202 2651 2378 2708 venit,

178 2738 314 2775 cum
329 2729 383 2775 et
396 2722 509 2775 hac
523 2725 752 2775 ratione
766 2722 1144 2775 Planetarum
1158 2724 1520 2786 apparentiae
1536 2737 1717 2785 quam
1733 2723 2001 2785 proxime
2015 2720 2226 2772 salvari
2240 2735 2379 2784 que-

177 2802 296 2855 ant,
320 2801 385 2846 ut
405 2809 657 2860 magnus
676 2794 774 2845 ille
795 2793 1208 2845 demonstravit
1229 2791 1747 2845 COPERNICUS.
1775 2792 1918 2843 Non
1936 2793 2109 2856 igitur
2128 2793 2381 2843 nimium

177 2865 508 2918 tribuebam
542 2864 1018 2918 MAESTHLINI
1051 2863 1372 2930 hypothesi,
1408 2863 1504 2915 sed
1540 2878 1675 2928 quae
1706 2865 1770 2915 in
1803 2878 1874 2914 eo
1907 2862 2380 2914 commendanda

179 2951 433 3002 quaeque
460 2936 755 3001 culpanda
784 2937 969 2997 essent,
1000 2935 1267 2995 reseravi,
1296 2950 1491 2999 neque
1517 2935 1592 2987 ob
1619 2933 2117 2998 pulchritudinem
2143 2940 2198 2985 et
2216 2936 2380 2998 ‚inge-

178 3007 505 3060 niofitatem
533 3010 763 3060 veritati
793 3007 1099 3072 quidpiam
1128 3006 1434 3058 detrahere
1462 3005 1643 3066 volui,
1672 3005 1768 3057 sed
1796 3004 1906 3057 has
1933 3020 2038 3070 per
2065 3004 2121 3056 se
2150 3004 2381 3056 seorfim

178 3079 512 3144 praedicavi,
534 3079 676 3143 quid
695 3094 904 3130 verum
924 3078 1019 3130 vel
1038 3077 1247 3130 falsum
1266 3080 1328 3129 in
1346 3077 1448 3128 illa
1460 3076 1765 3142 hypothesi
1779 3077 1922 3137 esset,
1943 3075 2090 3128 alias
2105 3091 2212 3141 pro
2226 3075 2381 3127 virili

179 3149 463 3202 indicanS.
485 3150 804 3202 Veritatem
826 3150 929 3201 esse
949 3152 1232 3201 virtutum
1253 3151 1525 3200 omnium
1547 3147 2008 3212 pulcherrimam
2034 3154 2088 3199 et
2110 3146 2380 3211 praestan-

180 3221 447 3272 tissimam
466 3220 570 3272 tibi
588 3219 758 3273 facile
779 3221 1162 3280 concesserim,
1183 3235 1326 3272 nam
1345 3226 1399 3271 et
1418 3234 1524 3284 ego
1540 3234 1658 3279 eOS,
1680 3221 1781 3283 qui
1800 3218 1957 3271 hanc
1969 3218 2065 3270 vel
2078 3221 2140 3270 in
2153 3218 2382 3283 vulgari

181 3291 479 3355 colloquio
500 3292 636 3344 data
656 3307 839 3356 opera
857 3291 1098 3352 violant,
1124 3291 1349 3356 semper
1368 3290 1743 3342 abominatus
1763 3289 1890 3341 sum
1910 3295 1981 3351 et,
2009 3296 2299 3354 quantum
2319 3291 2382 3340 in

179 3377 276 3414 me
303 3369 443 3424 erat,
470 3362 635 3415 illam
660 3378 786 3415 non
809 3362 1013 3415 saltem
1032 3365 1095 3414 in
1114 3362 1534 3414 Astronomicis
1554 3361 1650 3413 sed
1671 3361 1972 3427 Chymicis
1993 3363 2171 3413 etiam
2190 3360 2381 3419 rebuS,

321 3444 368 3480 27
2113 3431 2381 3495 adeoque
