2632 4022
109 1082 151 1116 10

103 1796 149 1831 20

103 2155 148 2188 25

103 2511 149 2546 30

103 2868 149 2902 35

102 3224 149 3258 40

403 280 705 333 TYCHO
733 281 855 332 AD
883 281 1292 334 IACOBUM
1321 281 1729 334 CURTIUM
1757 283 1819 334 19
1845 283 2022 335 APR.
2051 284 2195 336 1593
2300 284 2404 336 349

200 422 346 474 illud
378 425 495 474 mei
528 423 926 488 Antagonistae
959 422 1234 488 scriptum
1266 423 1341 476 ad
1373 431 1506 476 tuas
1540 426 1853 489 pervenisse
1889 441 2104 478 manus
2138 430 2402 492 cognovi.

202 493 398 558 Quem
419 494 657 558 quidem
678 497 873 546 virum
891 496 954 546 in
971 494 1410 547 Mathematicis
1431 498 1698 561 apprime
1719 496 2011 549 versatum
2032 499 2135 549 esse
2156 514 2279 550 non
2300 499 2403 551 dif-

200 564 384 617 fiteor.
407 565 832 617 Verumtamen
852 565 1228 618 Aristotelicis
1249 566 1600 632 DiscipliniS‚
1629 568 1843 632 quibus
1870 568 1943 620 ab
1970 571 2212 621 ineunte
2233 576 2403 622 aetate

201 636 396 702 (prout
422 636 711 701 plerisque
738 639 801 688 in
826 636 929 689 illa
954 640 1192 702 regione
1219 637 1327 689 usu
1346 641 1548 690 venire
1574 638 1736 703 solet)
1764 638 2040 701 imbutuS‚
2068 640 2403 706 usqueadeo

199 707 477 760 serviliter
502 707 557 759 se
584 710 959 773 mancipavit,
987 715 1051 761 ut
1077 724 1212 773 quae
1240 709 1314 761 ab
1340 708 1433 761 his
1452 710 1548 762 vel
1573 709 1760 762 latum
1786 726 2044 776 ungvem
2064 711 2401 773 dissentiant,

200 781 582 844 quantumvis
607 782 841 831 veriora
871 785 927 831 et
955 779 1123 832 aliter
1151 778 1378 833 invictis
1405 781 1776 846 Apodixibus
1806 782 2197 836 demonstrata
2226 799 2403 849 agno-

200 850 353 902 scere
372 856 428 902 et
442 850 611 902 fateri
626 856 728 902 aut
742 850 888 902 nolit
902 857 1005 903 aut
1018 858 1289 916 nequeat.
1310 852 1561 904 Proinde
1577 868 1649 904 ex
1664 854 2023 906 contentioso
2039 860 2093 906 et
2107 858 2403 920 arroganti

199 921 313 973 hoc
332 921 540 986 scripto
560 921 693 973 satis
712 921 1034 986 perspicere
1055 930 1237 987 poteS,
1259 928 1314 974 te
1335 926 1512 975 nimis
1532 923 1604 976 de
1627 939 1698 976 eo
1720 925 1968 977 candide
1984 932 2160 978 antea
2173 926 2402 987 senfisse‚

200 994 343 1045 dum
372 993 656 1045 eiusmodi
686 991 1174 1046 contradictiones
1205 996 1287 1046 ita
1315 1010 1422 1059 pro
1451 995 1680 1047 summa
1710 998 1896 1047 animi
1927 1000 2012 1048 tui
2043 999 2403 1062 ingenuitate

200 1064 582 1125 excusaveriS‚
604 1080 674 1117 ac
691 1064 732 1116 fi
747 1065 807 1117 id
823 1064 922 1116 ille
941 1065 1179 1130 eiusque
1196 1065 1408 1118 fimiles
1423 1066 1655 1127 vellent,
1678 1074 1741 1118 ut
1761 1067 2025 1120 fimulate
2046 1066 2402 1121 obiectiones

199 1135 482 1200 quasdam
495 1135 778 1201 speciosas
791 1137 1180 1201 proponendo
1194 1136 1524 1202 pleniorem
1539 1144 1593 1190 et
1607 1137 1962 1191 exactiorem
1976 1139 2192 1191 harum
2205 1156 2404 1192 rerum

199 1205 526 1260 dod’trinam
551 1207 771 1272 publici
791 1208 1089 1260 commodi
1110 1214 1164 1260 et
1183 1208 1546 1272 posterorum
1566 1212 1751 1274 gratia
1771 1217 2200 1275 extorquerent.
2229 1211 2403 1263 Illum

199 1281 360 1330 enim
386 1294 511 1331 rem
537 1279 685 1331 serio
711 1294 883 1344 agere
911 1286 966 1331 et
991 1295 1099 1344 pro
1119 1279 1605 1332 ARISTOTELE
1631 1280 1734 1332 suo
1760 1287 2048 1346 tanquam
2073 1298 2180 1346 pro
2208 1286 2325 1335 aris
2350 1290 2404 1335 et

198 1349 342 1402 focis
368 1366 649 1415 pugnare,
677 1349 816 1403 hinc
843 1366 966 1402 non
993 1350 1232 1403 obscure
1259 1351 1710 1404 animadvertes,
1739 1352 1900 1418 Rogo
1921 1356 2119 1417 itaque
2140 1354 2204 1405 T.
2227 1354 2312 1406 M.
2341 1362 2405 1406 ut

199 1422 678 1487 antagonisticam
707 1421 863 1474 hanc
893 1422 1390 1486 compilationem,
1421 1429 1550 1475 utut
1579 1423 1981 1488 pretiofissimis
2010 1424 2125 1476 suis
2155 1428 2288 1491 otijs
2318 1429 2402 1477 in-

134 1512 154 1529 v
198 1493 454 1558 dignam,
476 1493 810 1559 diligentius
824 1489 845 1562 ΙΙ
859 1493 1248 1558 introspicere,
1269 1509 1623 1559 mecumque
1645 1497 1768 1547 una
1788 1495 1859 1547 de
1880 1495 1992 1548 hac
2013 1498 2404 1561 gravissimum

197 1563 367 1617 suum
381 1567 821 1617 communicare
836 1565 1121 1617 iudicium
1134 1581 1259 1618 non
1273 1566 1633 1631 dedignetur.
1656 1566 1947 1629 Quamvis
1961 1573 2162 1619 autem
2175 1568 2404 1621 insulsae

199 1638 326 1688 eius
346 1639 591 1701 argutiae
612 1636 910 1688 confestim
930 1653 968 1689 a
986 1652 1083 1688 me
1106 1652 1230 1689 non
1256 1639 1551 1690 immerito
1579 1639 1749 1690 essent
1775 1638 2215 1704 redarguendae,
2242 1640 2403 1692 malo

197 1714 398 1760 tamen
412 1708 940 1774 Progymnasmatis
955 1708 1392 1770 Astronomicis‚
1415 1708 1628 1774 quibus
1643 1725 1802 1762 nunc
1816 1711 2113 1772 incumb0,
2131 1714 2194 1763 in
2211 1711 2404 1763 lucem

199 1779 439 1831 edendis
460 1795 705 1844 operam
724 1779 938 1840 locare,
961 1796 1143 1845 quam
1162 1780 1222 1833 id
1242 1783 1470 1846 generis
1491 1781 1897 1834 caviHationes
1916 1785 2126 1834 inanes
2143 1789 2198 1835 et
2214 1782 2403 1848 sophi-

196 1850 360 1903 sticas
377 1851 699 1903 refellendo
716 1854 997 1916 temporis
1011 1849 1300 1904 iacturam
1313 1852 1522 1905 facere.
1545 1853 1663 1906 Ubi
1677 1869 1820 1905 vero
1834 1856 2059 1918 primus
2074 1854 2278 1914 noster,
2301 1858 2403 1919 qui

198 1922 269 1975 de
297 1923 475 1974 Nova
498 1922 678 1975 Stella
703 1922 955 1975 ubertim
979 1921 1185 1976 tractat
1203 1923 1446 1985 TomuS,
1473 1926 1597 1976 una
1623 1940 1759 1976 cum
1783 1924 2261 1989 subsequentibus
2289 1927 2402 1979 Co-

196 2000 490 2046 metarum
519 1993 696 2055 libris,
730 1997 792 2046 in
821 1994 1122 2059 publicum
1154 1997 1373 2056 exierit,
1406 2002 1533 2047 tum
1563 1995 1804 2048 demum
1834 1996 2068 2048 candidi
2098 2003 2152 2048 et
2182 1998 2403 2050 cordati

197 2065 574 2118 aestimatores
585 2081 710 2118 non
721 2065 1031 2118 difficulter
1042 2066 1381 2128 discernent,
1395 2083 1577 2131 quam
1587 2083 1898 2132 perperam
1911 2074 1965 2119 et
1977 2070 2178 2133 inique
2192 2068 2402 2121 CRAI-

199 2136 360 2190 GUS
378 2135 471 2188 his
488 2137 709 2199 nostriS‚
729 2153 766 2190 a
782 2137 1159 2202 Philosophia
1174 2138 1695 2203 Peripateticorum
1709 2138 2159 2192 dissentientibus
2176 2140 2403 2205 placitis

197 2215 502 2273 tantopere
529 2209 879 2262 adversetur.
907 2209 1164 2261 Prodibit
1189 2208 1336 2262 forte
1362 2209 1466 2262 suo
1493 2212 1671 2262 etiam
1696 2216 1959 2275 tempore
1986 2210 2402 2276 discipulorum

197 2295 469 2332 meorum
495 2280 726 2345 aliquis,
754 2283 856 2346 qui
883 2284 1010 2333 eius
1035 2281 1327 2334 invalidas
1349 2279 1704 2334 obiectiones
1725 2281 1894 2334 facile
1916 2282 2116 2334 diluat.
2145 2283 2279 2334 Mifi
2299 2299 2400 2335 au-

196 2358 316 2403 tem
335 2353 460 2403 una
479 2367 615 2404 cum
634 2351 728 2404 his
747 2352 879 2417 ipfis
900 2352 1166 2404 Domino
1187 2351 1620 2406 THADDAEO
1641 2355 1901 2418 primum
1920 2353 2138 2405 horum
2160 2354 2254 2418 (de
2277 2358 2401 2419 qui-

196 2423 306 2475 bus
320 2422 464 2487 dixi)
480 2423 1065 2490 Progymnasmatum
1081 2424 1411 2476 nostrorum
1430 2424 1662 2485 librum,
1683 2425 1786 2477 tibi
1799 2424 1969 2476 fimul
1983 2424 2400 2487 exhibendum,

198 2501 262 2546 ut
290 2494 330 2546 fi
360 2495 601 2560 quando
631 2511 668 2547 a
695 2495 1062 2561 gravioribus
1094 2494 1336 2560 Reipub.
1368 2496 1841 2549 administrandae
1874 2499 2094 2562 munijs
2127 2498 2402 2549 nonnihil

196 2566 495 2630 superesset
514 2569 811 2631 temporiS‚
834 2582 973 2619 eum
994 2567 1266 2619 evolvere
1288 2574 1464 2632 atque
1484 2567 1899 2620 solertissimam
1918 2575 2083 2620 tuam
2101 2569 2172 2620 de
2192 2569 2402 2621 eodem

198 2637 503 2689 censuram
522 2638 702 2690 literis
722 2641 951 2703 aperire
971 2654 1096 2690 non
1116 2639 1518 2704 degravarere.
1542 2638 1719 2703 Quod
1734 2645 1797 2691 ut
1810 2639 2008 2700 faciaS,
2029 2642 2319 2692 maiorem
2339 2643 2401 2692 in

196 2709 442 2761 modum
463 2716 518 2761 te
539 2716 809 2775 rogatum
829 2709 1039 2762 habeo.
1062 2709 1420 2774 Sequentem
1433 2709 1707 2770 Tomum‚
1727 2713 1829 2775 qui
1843 2713 2021 2762 trium
2034 2711 2401 2775 superiorum

197 2780 576 2832 Planetarum
589 2781 995 2833 Phaenomena
1010 2781 1318 2833 emendate
1334 2782 1616 2846 expediet,
1635 2797 1869 2834 mecum
1884 2782 2301 2848 aliquantisper
2314 2799 2399 2835 re-

197 2851 378 2912 servo,
407 2868 542 2904 cum
563 2859 626 2904 ut
646 2868 831 2904 unam
852 2852 1048 2905 adhuc
1067 2852 1221 2905 ultra
1241 2867 1350 2914 reS,
1372 2869 1521 2918 quas
1541 2856 1604 2905 in
1623 2860 1899 2919 promptu
1919 2853 2129 2914 habe0,
2158 2869 2400 2920 acrony-

198 2922 395 2975 chiam
423 2926 486 2975 in
516 2923 771 2976 Saturno
800 2923 1387 2984 animadversionem,
1418 2925 1492 2977 ob
1521 2925 1853 2977 tarditatem
1881 2931 2078 2977 motus
2108 2928 2251 2989 eius,
2282 2942 2402 2990 qua

196 2994 351 3046 lente
378 2994 774 3060 peripheriam
800 2995 885 3047 sui
913 2995 1231 3047 Eccentrici
1258 2999 1543 3056 emetitur,
1570 2996 1887 3056 nanciscar,
1914 3003 2040 3048 tum
2065 2997 2399 3061 praesertim,

197 3072 260 3117 ut
290 3066 566 3126 Martem,
600 3066 841 3130 quando
872 3066 995 3118 Soli
1023 3069 1277 3131 primam
1308 3067 1609 3119 decuriam
1637 3068 1892 3133 Virginis
1922 3068 2207 3120 obtinenti
2237 3071 2402 3121 iuxta

197 3137 523 3201 Perigaeum
540 3137 626 3188 sui
644 3138 962 3189 Eccentrici
982 3137 1096 3189 hoc
1116 3154 1278 3190 anno
1300 3146 1647 3203 opponetur,
1667 3139 1867 3191 sedulo
1886 3139 2192 3191 observare
2213 3139 2399 3192 liceat.

198 3208 405 3259 Incidit
420 3210 579 3259 enim
594 3215 732 3260 tunc
748 3209 1044 3261 diverfitas
1058 3209 1356 3274 utriusque
1372 3210 1580 3262 calculi
1595 3210 1946 3275 Alphonfini
1962 3218 2017 3263 et
2032 3211 2399 3276 Copernicei‚

199 3294 333 3343 quae
348 3282 612 3331 maxima
625 3295 776 3343 pene
791 3282 853 3332 in
869 3283 996 3332 eius
1009 3287 1176 3332 motu
1190 3283 1526 3347 contingere
1540 3282 1734 3346 potest,
1750 3282 1901 3334 adeo
1913 3289 1976 3334 ut
1987 3282 2117 3335 haec
2130 3286 2401 3335 trientem

197 3349 317 3401 fere
339 3352 518 3402 unius
538 3350 678 3416 figni
698 3353 955 3416 attingat.
979 3351 1180 3415 Quare
1201 3352 1476 3405 restitutio
1497 3353 1689 3405 nostra
1708 3356 1771 3405 in
1790 3353 1969 3405 huius
1988 3354 2204 3406 Sideris
2222 3370 2399 3419 appa-

2199 3428 2399 3490 rentijs
