2644 4030
277 302 381 353 294
811 297 1247 349 EPISTOLAE
1273 295 1943 348 ASTRONOMICAE

275 442 466 507 plex0,
490 443 831 504 interrupto,
853 445 955 491 aut
975 438 1360 491 tumultuario
1380 439 1606 499 incessu,
1627 437 1722 489 sed
1744 437 2015 490 ordinato
2036 444 2212 502 atque
2232 438 2308 490 ad
2327 440 2473 490 invi-

277 528 403 565 cem
423 511 866 577 proportionali,
888 516 1355 574 caeterorumque
1369 509 1748 561 Planetarum
1762 509 1952 561 cursui
1968 512 2032 560 in
2047 509 2334 574 plerisque
2351 525 2474 561 non

275 583 528 636 multum
549 582 809 643 absimili,
830 582 962 634 licet
976 583 1354 633 concitatiore
1369 595 1806 645 nonnunquam
1820 580 2088 644 impulsu.
2110 581 2263 632 Fieri
2275 583 2473 645 itaque

275 671 399 707 non
420 654 599 719 potest
618 659 682 704 ut
702 653 921 705 coelum
941 652 1003 704 fit
1023 652 1273 704 solidum
1293 658 1469 717 atque
1491 654 1846 716 impervium
1867 658 1921 703 et
1940 651 2172 703 realiter
2194 651 2473 703 existenti-

274 727 384 778 bus
410 727 853 790 compaginetur
879 723 1134 776 orbibus,
1165 723 1334 775 Alias
1362 726 1521 775 enim
1548 723 1815 775 Cometae
1846 738 2083 787 quoque
2112 725 2174 774 in
2205 722 2357 775 coelo
2387 738 2472 774 re·
2523 740 2544 773 5

275 812 431 857 vera,
466 796 943 861 quandocunque
974 794 1307 856 effulserint,
1337 794 1647 854 versanteS,
1682 793 1756 846 ab
1789 809 1878 854 e0,
1911 796 1973 845 in
2003 809 2121 858 quo
2156 793 2472 854 existerent,

276 869 415 921 orbe
437 863 1222 934 circumraperenturiillique
1238 865 1714 918 obsecundarent.
1736 866 1932 930 Atque
1946 864 2075 917 haec
2089 880 2214 917 non
2226 867 2475 917 minima

276 940 350 991 est
370 938 559 998 causa,
581 954 684 990 cur
704 938 1081 991 ascititiorum
1101 937 1237 990 coeli
1256 936 1710 990 Phaenomenoev
1730 936 2173 1001 descriptionem
2192 936 2475 1001 peculiari

276 1026 470 1076 opere,
490 1025 707 1075 magno
729 1009 829 1070 illi,
852 1009 1011 1074 quod
1032 1009 1268 1061 Mundo
1290 1023 1631 1060 coaevorum
1652 1007 1786 1060 coeli
1808 1023 2123 1072 corporum
2142 1010 2475 1073 gyrationes

274 1081 624 1147 multiplices
646 1081 946 1133 extricabit
967 1086 1142 1145 atque
1159 1080 1233 1132 ob
1250 1079 1453 1132 oculos
1470 1085 1665 1145 ponet,
1686 1082 2039 1143 praemittere
2053 1079 2230 1131 satius
2244 1078 2473 1131 duxeri·
2527 1095 2570 1130 ιο

274 1170 423 1206 muS.
452 1153 593 1205 Inde
614 1168 874 1217 namque
895 1168 1019 1204 non
1042 1167 1234 1217 pauca
1253 1151 1626 1216 sequentibus
1646 1153 1808 1202 viam
1833 1150 2143 1203 sternentia
2168 1156 2345 1215 atque
2371 1149 2474 1216 hy-

274 1225 580 1289 potheseos
609 1224 817 1276 nostrae
847 1223 1250 1284 fundamenta,
1281 1222 1494 1287 quibus
1525 1229 1738 1274 caetera
1767 1225 1972 1274 omnia
1996 1221 2473 1287 superstruantur,

274 1296 618 1349 stabilientia
651 1295 1053 1360 depromenda
1086 1294 1645 1359 comprobandaque
1677 1296 1939 1346 veniunt.
1979 1293 2219 1345 Accedit
2255 1299 2309 1344 et
2343 1292 2473 1352 hoc,

276 1368 435 1432 quod
455 1365 831 1420 refractiones
845 1366 1150 1418 Astrorum
1164 1366 1238 1418 ad
1253 1369 1530 1418 verticem
1549 1381 1933 1430 nequaquam
1952 1367 2360 1430 pertingenteS,
2381 1364 2476 1416 sed

274 1442 429 1491 intra
448 1439 758 1491 dimidium
776 1439 1167 1503 quadrantem
1183 1444 1360 1502 atque
1375 1436 1570 1489 adhuc
1585 1436 1867 1489 declivius
1880 1435 2113 1502 prorsus
2130 1435 2473 1488 evanescen·
2529 1451 2571 1485 15

275 1517 360 1563 tes
387 1510 685 1562 evidenter
710 1509 982 1562 testentur
1009 1509 1475 1574 diaphanitatem
1502 1508 1792 1561 coelestem
1816 1523 1940 1560 non
1965 1507 2180 1559 versari
2206 1510 2269 1558 in
2293 1506 2476 1559 solida

275 1585 538 1642 materia,
568 1582 741 1646 longe
772 1580 996 1633 diversa
1024 1581 1098 1633 ab
1128 1583 1280 1633 a'eris
1309 1580 1535 1645 liquida
1565 1575 1585 1648 ΙΙ
1615 1579 2035 1644 diaphanitate,
2066 1579 2216 1631 adeo
2246 1584 2310 1630 ut
2338 1578 2474 1639 illae,
2507 1585 2589 1629 81r

276 1670 411 1719 quae
426 1653 575 1706 fiunt
589 1656 652 1705 in
665 1653 1057 1705 luminaribus
1072 1658 1248 1716 atque
1263 1651 1433 1703 stellis
1446 1651 1547 1704 sub
1563 1651 1863 1703 decliviori
1874 1650 2071 1703 versus
2084 1651 2476 1702 Horizontem

275 1725 381 1777 litu
401 1723 777 1777 refractiones
793 1740 865 1776 ex
879 1724 1012 1776 solis
1027 1739 1178 1788 pene
1192 1723 1512 1788 vaporibus
1526 1722 1788 1783 Terram,
1805 1725 1983 1775 etiam
1996 1722 2342 1774 serenissimo
2358 1723 2475 1773 exi-

275 1796 450 1849 stente
479 1799 632 1857 aere,
665 1798 727 1847 in
759 1798 1094 1860 propinquo
1127 1794 1536 1856 ambientibUS‚
1569 1794 1934 1846 insinuentur
1964 1800 2018 1845 et
2047 1795 2334 1858 originem
2363 1798 2474 1844 tra·
2525 1809 2571 1843 20

275 1868 436 1928 hant,
458 1870 539 1919 ita
557 1867 653 1919 vel
671 1867 805 1918 solis
827 1869 1032 1931 opticis
1053 1868 1389 1931 ratiocinijs,
1413 1882 1548 1930 quae
1565 1865 1926 1918 Geometriae
1947 1865 2156 1917 validis
2177 1864 2475 1917 affirman-

275 1946 368 1991 tur
387 1941 786 1999 munimentiS‚
808 1938 1234 1990 Aristotelicam
1255 1937 1326 1989 de
1348 1937 1483 1989 coeli
1503 1943 1718 1990 natura
1731 1943 1908 2001 atque
1922 1938 2170 1989 materia
2183 1938 2360 1988 nimis
2374 1935 2476 1987 diu

275 2013 661 2062 inveteratam
682 2012 1027 2074 opinionem
1048 2016 1245 2074 aperte
1268 2008 1653 2061 eludentibuS.
1683 2008 1846 2072 Quin
1873 2014 1927 2060 et
1953 2007 2028 2069 id,
2056 2008 2127 2059 de
2155 2023 2274 2071 quo
2300 2006 2474 2071 saepe-

276 2079 459 2134 dictus
486 2081 821 2134 GELLIUS
848 2081 1036 2133 noster
1062 2087 1117 2132 te
1145 2079 1609 2141 commonefecit,
1636 2080 1896 2132 Martem
1921 2082 1984 2131 in
2010 2079 2115 2131 fitu
2141 2078 2476 2144 acronycho

274 2155 440 2205 terris
455 2152 576 2217 ipso
592 2152 727 2205 Sole
742 2152 906 2205 reddi
919 2155 1273 2217 propiorem,
1296 2168 1333 2204 a
1352 2152 1522 2204 nobis
1544 2154 1750 2217 iugiter
1771 2157 1826 2203 et
1845 2150 2034 2203 subtili
2053 2150 2329 2215 indagine
2349 2165 2475 2215 per·
2526 2166 2571 2200 25

265 2225 613 2290 'vestigatum
635 2224 725 2284 est,
750 2230 926 2289 atque
949 2227 1030 2276 ita
1053 2224 1107 2276 se
1132 2223 1350 2276 habere
1376 2230 1758 2288 compertum,
1783 2222 2101 2288 praesertim
2122 2224 2275 2274 circa
2294 2220 2476 2273 finem

276 2298 418 2348 anni
442 2296 585 2356 1582,
614 2296 855 2360 quando
876 2298 939 2347 in
964 2298 1023 2356 Θ
1048 2295 1324 2355 sublimiS,
1351 2294 1473 2359 ipsa
1499 2309 1738 2359 quoque
1764 2294 2070 2346 latitudine
2092 2294 2284 2345 Borea
2307 2292 2477 2344 illum

274 2367 407 2432 plus
429 2367 739 2428 exaltante,
768 2367 890 2419 Soli
911 2367 1335 2431 opponebatur.
1364 2366 1747 2430 Deprehendi
1768 2369 1928 2417 enim
1947 2372 2072 2417 tum
2094 2380 2125 2416 e
2145 2364 2475 2429 multiplici-

274 2439 384 2491 bus
399 2446 453 2490 et
467 2441 752 2491 accuratis
767 2438 1373 2490 animadversionibus
1387 2441 1449 2489 in
1462 2440 1629 2490 vario
1643 2437 1750 2489 fitu
1765 2437 2014 2489 obtentis
2029 2443 2205 2501 atque
2223 2438 2476 2487 invicem

276 2510 578 2576 diligenter
595 2510 836 2571 collatis,
858 2510 1046 2574 ipsum
1060 2509 1398 2562 Parallaxin
1412 2509 1686 2561 admifisse
1701 2508 1891 2561 Solari
1907 2507 2154 2573 paululo
2169 2509 2474 2568 maiorem,
2525 2522 2572 2557 30

276 2581 435 2646 quod
456 2581 795 2634 nullatenus
817 2584 1052 2633 evenire
1072 2587 1315 2645 poterat,
1337 2581 1378 2632 fi
1394 2587 1516 2633 tota
1531 2583 1656 2632 eius
1671 2580 1961 2632 revolutio
1976 2582 2039 2631 in
2053 2579 2291 2631 orbibus
2304 2578 2477 2643 supra

276 2653 427 2705 Solis
448 2653 758 2717 Sphaeram
779 2653 1127 2713 extantibuS‚
1149 2659 1213 2704 ut
1232 2652 1340 2704 fert
1359 2652 1717 2704 Ptolemaica
1737 2651 2041 2716 dispofitiO,
2066 2649 2474 2702 absolveretur.

276 2725 515 2777 Attendi
548 2727 725 2776 etiam
756 2724 1163 2788 saepenumero
1196 2724 1271 2776 ad
1302 2724 1478 2788 ipfius
1509 2723 1778 2775 transitus
1814 2722 2197 2787 retrogradOS,
2235 2721 2476 2786 quando

275 2795 668 2861 acronychius
696 2797 837 2855 esset‚
866 2802 920 2847 et
946 2793 1258 2847 interiectis
1285 2795 1511 2859 aliquot
1538 2795 1742 2847 diebus
1766 2795 2026 2858 comperi
2048 2809 2149 2845 eos
2169 2792 2476 2856 aliquanto

277 2870 681 2919 concitatiores
701 2867 880 2927 reddi,
903 2883 1085 2931 quam
1098 2866 1206 2918 fert
1221 2866 1578 2918 Ptolemaica
1591 2868 1976 2925 ratiocinatiO,
1998 2870 2354 2930 congruente
2373 2879 2474 2928 po·
2525 2878 2571 2913 35

275 2941 388 2990 tius
409 2938 505 2989 hic
521 2939 910 3003 Copernicaea
928 2941 1358 2998 numeratione,
1380 2938 1698 3002 praesertim
1712 2937 1752 2989 fi
1765 2939 2010 2989 verioris
2024 2937 2274 3001 Apogaei
2299 2941 2475 3000 atque

277 3010 653 3074 oppositionis
669 3026 804 3061 cum
819 3009 970 3062 Solis
984 3010 1181 3062 medio
1198 3016 1364 3061 motu
1384 3009 1486 3061 fiat
1506 3009 1837 3074 applicatio,
1858 3009 2055 3072 Atque
2074 3006 2212 3059 hinc
2233 3022 2356 3058 non
2377 3006 2474 3059 ob-
2524 3008 2552 3051 ’ἓ

276 3080 435 3132 scure
457 3081 699 3145 satisque
721 3087 877 3133 certo
903 3084 1105 3145 patuit,
1133 3081 1392 3133 Martem
1413 3080 1536 3133 Soli
1556 3079 1820 3133 aversam
1840 3079 1975 3132 coeli
1997 3085 2224 3144 partem
2247 3093 2474 3143 peram-

275 3151 596 3212 bulantem,
617 3152 811 3204 telluri
825 3152 946 3217 ipso
961 3152 1093 3216 plus
1108 3152 1428 3204 admoveri.
1451 3151 1626 3204 Unde
1641 3152 1951 3203 necessario
1966 3150 2352 3214 consequitur,
2374 3155 2475 3201 aut

278 3222 694 3286 Copernicaeas
720 3223 1069 3288 hypotheses
1095 3239 1265 3276 veras
1293 3225 1412 3284 esse,
1441 3230 1543 3275 aut
1569 3226 1650 3275 ita
1675 3222 1994 3275 coelestium
2017 3221 2475 3274 distributionem
2523 3235 2570 3270 40

277 3293 685 3354 ordinandam,
714 3295 1219 3358 quemadmodum
1246 3310 1282 3346 a
1307 3295 1477 3347 nobis
1503 3310 1693 3359 nuper
1719 3293 2089 3346 constitutum
2116 3292 2205 3344 est.
2235 3293 2315 3343 At
2341 3291 2474 3344 CO·

277 3363 591 3417 PERNICI
612 3367 764 3417 circa
783 3372 1013 3418 motum
1032 3366 1255 3418 telluris
1274 3366 1576 3430 triplicem,
1598 3371 1727 3417 utut
1743 3364 2106 3430 ingeniosam
2120 3370 2174 3415 et
2188 3379 2225 3416 a
2239 3362 2473 3484 coelzsti-

2405 3449 2474 3485 us
