2644 4030
254 305 359 357 258
788 301 1226 354 EPISTOLAE
1252 301 1922 354 ASTRONOMICAE

253 448 443 497 tiones
466 444 837 495 Geometrice
865 442 1146 507 expensas
1177 442 1434 503 ostendit,
1461 445 1525 494 in
1549 442 1852 507 publicum
1876 442 2153 508 proferre,
2180 450 2357 509 atque
2381 445 2453 497 de

255 519 337 567 eis
364 514 523 579 apud
549 513 935 578 intelligentes
957 513 1244 565 testificari
1263 529 1387 565 non
1407 516 1803 566 intermittam.
1832 514 2093 567 Credant
2111 515 2207 567 vel
2226 522 2452 568 contra-

253 587 463 646 dicant,
487 587 588 649 qui
607 584 823 645 volent,
846 591 900 636 et
921 600 1278 649 quocunque
1298 584 1539 637 tandem
1559 583 1788 645 affectu,
1815 585 1931 638 five
1950 585 2110 638 bono
2130 585 2244 639 sive
2264 589 2452 651 pervi-

253 660 391 716 caci,
412 656 471 708 id
491 656 748 716 fecerint,
771 656 930 720 apud
948 671 1045 707 me
1065 655 1308 720 perinde
1330 659 1451 716 erit,
1473 657 1654 708 modo
1673 656 1912 721 ipsemet
1931 656 2066 709 satis
2084 663 2240 710 certo
2258 657 2452 719 sciam,

251 743 347 779 me
374 727 523 779 nihil
550 730 692 779 citra
717 733 907 779 ratam
935 729 1359 791 experientiam
1379 733 1556 792 atque
1576 727 1912 780 infallibiles
1932 728 2453 781 demonstrationes
2502 746 2525 782 ⁵

250 802 313 850 in
332 799 596 850 medium
616 798 924 850 adducere.
945 798 1176 850 Veritas
1197 800 1355 850 enim
1378 798 1560 863 seipsa
1585 805 1860 851 contenta
1886 798 1977 861 est,
2004 815 2113 852 nec
2138 799 2454 852 hominum

252 870 631 934 opinionibus
652 868 919 921 afficitur.

321 942 503 992 Porro
534 940 751 992 videris
786 940 934 992 mihi
969 939 1181 1001 adhuc,
1217 940 1556 1004 amplissime
1588 940 1850 993 Domine
1885 940 2142 1002 CURTI,
2177 941 2454 994 nonnihil

250 1012 531 1072 haefitare,
559 1028 638 1064 an
665 1027 873 1063 omnes
895 1011 1162 1064 Cometae
1190 1011 1431 1063 aetherei
1457 1011 1579 1073 lint,
1606 1015 1670 1064 in
1697 1028 1816 1077 qua
1837 1028 1944 1077 ego
1967 1012 2200 1077 prorsus
2225 1013 2454 1077 perfisto

249 1084 548 1143 sententia,
567 1099 646 1135 an
659 1098 801 1135 vero
816 1082 1093 1135 nonnulli
1108 1098 1316 1134 eorum
1329 1082 1673 1135 sublunares
1689 1084 1931 1136 concedi
1943 1085 2161 1148 possint.
2184 1085 2254 1136 Et
2267 1100 2452 1150 quan·
2506 1101 2549 1137 10

249 1161 375 1206 tum
402 1154 629 1219 collig0‚
655 1154 911 1206 multum
937 1161 992 1206 te
1018 1160 1217 1206 movet
1244 1156 1440 1219 eximij
1470 1154 1627 1207 illius
1651 1154 2300 1213 REGIOMONTANI,
2327 1162 2455 1208 tum

251 1228 429 1278 etiam
456 1225 678 1278 fortasse
704 1225 1095 1278 VOGELINI
1121 1225 1467 1278 Viennensis
1496 1228 1559 1277 in
1589 1226 1820 1278 duobus
1848 1226 2127 1287 CometiS,
2146 1237 2307 1292 ‘quos
2338 1228 2451 1280 ele·
2502 1231 2531 1275 ·1·

249 1304 546 1349 mentares
575 1313 607 1349 e
635 1297 751 1349 suis
783 1296 1285 1349 observationibus
1318 1296 1741 1358 concluserunt,
1774 1301 2075 1350 autoritas,
2107 1298 2187 1350 At
2217 1298 2454 1351 firmam

250 1385 458 1420 eorum
471 1368 698 1433 placitis
712 1384 1095 1433 nequaquam
1108 1369 1277 1420 inesse
1293 1369 1716 1429 certitudinem,
1732 1368 1879 1421 alias
1894 1368 2191 1422 ostendere
2206 1369 2452 1422 decrevi.

248 1439 554 1492 Plaufibile
579 1440 820 1504 quidem
843 1439 934 1500 est,
962 1440 1601 1505 Regiomontanianum
1627 1439 1943 1493 Cometam
1964 1439 2342 1493 sublunarem
2364 1440 2451 1492 fu·
2506 1458 2549 1493 1⁵

248 1512 356 1571 isse,
387 1527 460 1563 ex
489 1527 609 1576 quo
638 1518 807 1563 motu
833 1511 1047 1563 diurno
1073 1513 1313 1575 proprio
1340 1513 1494 1564 circa
1518 1512 1896 1564 medietatem
1921 1514 2308 1576 apparitionis
2333 1511 2453 1564 suae

247 1583 318 1634 40
343 1582 557 1647 gradus
585 1582 785 1634 circuli
810 1585 1010 1647 magni
1037 1582 1365 1634 confecerit.
1396 1584 1678 1635 Attamen
1703 1583 1763 1635 id
1788 1582 2140 1635 sufficienter
2168 1599 2293 1635 non
2320 1598 2452 1648 pro-

247 1653 362 1714 bat,
390 1654 544 1706 infra
570 1656 688 1716 (ζξὶῐῐὶ
714 1654 1024 1706 necessario
1053 1654 1301 1706 extitisse.
1330 1654 1542 1718 Neque
1570 1656 1748 1706 etiam
1773 1654 1906 1707 satis
1931 1655 2123 1715 vide0,
2151 1654 2453 1719 quomodo

247 1724 378 1776 haec
405 1725 759 1786 cohaereant,
788 1725 1101 1777 Cometam
1126 1725 1307 1790 paulo
1332 1732 1467 1777 ante
1492 1726 1867 1778 medietatem
1887 1725 2146 1791 Ianuarij
2169 1728 2452 1791 incipien-

247 1803 366 1847 tem
384 1803 438 1848 et
456 1796 637 1860 usque
651 1799 715 1848 in
728 1795 910 1848 finem
925 1796 1223 1862 Februarij
1247 1796 1682 1860 perdurantem,
1703 1813 1827 1849 non
1845 1797 2034 1849 multo
2053 1797 2187 1862 plus
2207 1797 2452 1850 dimidio
2502 1814 2549 1850 20

249 1867 383 1919 coeli
410 1868 635 1919 ambitu
662 1867 965 1919 emensum
991 1867 1165 1928 fuisse,
1193 1883 1329 1919 cum
1354 1874 1557 1919 tamen
1582 1884 1689 1933 pro
1714 1871 1928 1921 maiori
1953 1871 2177 1921 itineris
2199 1875 2364 1933 parte
2384 1868 2455 1921 40

247 1939 461 2003 gradus
482 1954 605 1990 uno
626 1939 719 1990 die
741 1938 1033 1990 absolvisse
1054 1939 1295 1999 dicatur,
1316 1938 1601 2003 liquidem
1620 1939 1734 1991 hac
1755 1941 2145 1992 concitatione
2158 1942 2314 1992 intra
2327 1942 2453 2004 qui-

247 2025 357 2061 nos
382 2010 505 2061 dies
527 2009 957 2062 semicirculum
977 2010 1378 2074 complevisset.
1407 2010 1534 2062 Nec
1560 2026 1777 2072 moror,
1806 2011 1966 2075 quod
1989 2010 2452 2064 REGIOMON-

246 2080 512 2134 TANUS
523 2081 619 2133 sex
630 2081 919 2146 graduum
934 2081 1269 2146 parallaxin
1280 2080 1365 2132 illi
1377 2083 1716 2143 attribuerit,
1733 2098 1869 2134 cum
1881 2097 1953 2134 ex
1964 2084 2132 2134 certis
2144 2082 2452 2147 depromp-

246 2158 368 2204 tam
396 2151 898 2204 observationibus
927 2152 1499 2214 demonstrationem,
1530 2168 1665 2217 quae
1695 2154 1754 2205 id
1783 2154 2094 2206 necessario
2124 2156 2451 2214 convincat,
2501 2170 2548 2206 25

246 2239 630 2288 nequaquam
644 2223 917 2289 proferat.
934 2219 954 2292 ΙΙ
969 2224 1214 2275 Videtur
1227 2226 1538 2276 autoritate
1550 2224 2072 2285 ARISTOTELIS,
2087 2231 2151 2277 ut
2165 2226 2452 2289 plaerique
2483 2233 2571 2277 42v

247 2294 365 2360 alij,
380 2294 694 2347 fascinatus
708 2295 951 2347 studiose
967 2311 1040 2347 ex
1055 2310 1305 2347 erronea
1319 2295 1522 2360 aliqua
1536 2295 1997 2348 consideratione
2012 2296 2084 2348 fic
2099 2295 2451 2348 constituisse.

247 2366 406 2418 Licet
427 2369 587 2418 enim
607 2366 1068 2419 Mathematicus
1088 2369 1357 2431 inprimis
1379 2367 1672 2419 excellens
1691 2366 1880 2428 fuerit,
1902 2374 2164 2420 attamen
2182 2370 2246 2420 in
2266 2366 2452 2420 obser-

247 2438 583 2490 vationibus
604 2438 928 2490 coelestibus
950 2441 1092 2490 citra
1113 2453 1373 2490 errorem
1393 2438 1740 2504 peragendis
1754 2454 1879 2491 non
1891 2438 2025 2491 satis
2038 2438 2297 2491 versatus
2312 2444 2451 2500 erat,

247 2524 441 2573 neque
462 2509 843 2561 instrumenta
862 2510 936 2562 ab
957 2512 1123 2561 omni
1144 2511 1356 2561 erroris
1375 2509 1696 2574 suspicione
1710 2510 2008 2562 vindicata
2021 2509 2096 2562 ad
2110 2525 2326 2562 manus
2346 2509 2450 2562 ha·
2500 2526 2547 2562 30

246 2580 386 2641 buit,
407 2587 582 2644 prout
601 2580 772 2633 facile
791 2581 975 2645 liquet
996 2596 1068 2633 ex
1087 2581 1263 2646 ipsius
1284 2581 1632 2646 quibusdam
1649 2584 1713 2633 in
1731 2579 1850 2642 Qus
1865 2588 1920 2634 et
1934 2581 2312 2634 Planetarum
2330 2584 2451 2634 iam

247 2651 473 2703 dudum
487 2652 796 2716 publicatis
811 2652 1329 2704 observationibus,
1351 2652 1413 2705 Si
1427 2652 1679 2705 Cometa
1693 2655 1820 2705 eius
1833 2659 1955 2705 toto
1971 2653 2297 2705 durationis
2310 2659 2451 2705 tem-

247 2738 389 2786 pore
416 2739 520 2788 per
545 2723 983 2788 sesquialterum
1008 2724 1268 2776 mensem
1290 2723 1491 2776 circuli
1510 2726 1574 2775 in
1593 2724 1822 2789 sphaera
1841 2727 2041 2790 magni
2061 2739 2267 2776 arcum
2284 2730 2453 2776 motu

246 2793 350 2845 suo
370 2797 608 2859 proprio
631 2795 979 2860 defignabat,
1007 2795 1158 2847 adeo
1178 2801 1242 2846 ut
1260 2797 1553 2860 integrum
1571 2795 2002 2848 semicirculum
2022 2802 2077 2847 et
2095 2794 2277 2860 paulo
2298 2794 2453 2848 ultra

247 2867 310 2917 in
323 2864 437 2917 hoc
451 2869 680 2918 tramite
696 2866 1014 2930 expleverit
1027 2866 1556 2931 (quemadmodum
1570 2867 1809 2931 ipsemet
1823 2866 2057 2931 fatetur)
2068 2881 2452 2931 nequaquam
2499 2882 2546 2918 3⁵

249 2936 621 2989 elementaris
641 2945 888 2998 naturae,
916 2938 1012 2990 sed
1031 2941 1227 3002 potius
1248 2937 1491 2990 coelestis
1510 2941 1799 3003 particeps
1817 2937 1942 2998 fuit,
1971 2954 2107 2990 cum
2126 2936 2450 2990 sublunari-

247 3006 357 3058 bus
390 3008 674 3060 Meteoris
709 3008 841 3060 talis
876 3025 981 3074 per
1013 3009 1213 3061 circuli
1244 3012 1491 3061 maximi
1523 3009 1812 3061 ambitum
1844 3010 2177 3062 ordinarius
2212 3009 2451 3060 incessus

247 3084 410 3129 tanto
439 3085 702 3143 tempore
733 3086 787 3132 et
817 3083 878 3131 in
906 3086 990 3132 tot
1019 3083 1304 3132 reiteratis
1333 3096 1437 3144 per
1464 3086 1695 3132 motum
1723 3083 1982 3146 primurn
2008 3080 2451 3132 concitatissimis

248 3149 714 3202 revolutionibus
736 3158 1066 3215 competere
1086 3158 1359 3216 nequeat.
1379 3151 1592 3212 Tace0‚
1614 3152 1774 3216 quod
1793 3151 2127 3216 parallaxin
2146 3151 2450 3204 admittere

247 3219 344 3270 sex
363 3224 619 3283 partium
641 3228 695 3272 et
716 3222 967 3274 orbitam
987 3223 1188 3275 circuli
1204 3226 1404 3288 magni
1418 3223 1714 3288 defignare
1728 3225 1878 3275 inter
1890 3222 1947 3275 se
1962 3223 2313 3275 diBentanea
2326 3221 2447 3274 fint.
2498 3237 2546 3273 40

249 3291 391 3341 Non
418 3294 577 3342 enirn
603 3295 666 3343 in
692 3293 898 3344 altiore
927 3300 981 3344 et
1007 3294 1321 3346 decliviore
1341 3294 1447 3345 litu
1467 3297 1622 3346 intra
1642 3294 1900 3346 eiusdem
1921 3294 2121 3347 circuli
2139 3294 2354 3345 limites
2374 3293 2449 3346 ob

247 3362 620 3425 parallaxeos
645 3367 874 3415 variam
904 3365 1338 3430 divagationem
1365 3366 1770 3418 continebitur.
1792 3365 2182 3419 VOGELINI
2207 3365 2448 3417 demon-

2256 3435 2448 3488 stratio
