2644 4030
238 281 330 332 124
772 276 1209 330 EPISTOLAE
1236 275 1905 328 ASTRONOMICAE

237 437 403 474 mum
423 424 621 485 itaque
642 426 773 472 tuas
794 419 1052 471 desidero
1072 418 1285 478 literaS‚
1308 417 1520 482 quibus
1540 419 1688 469 meis
1702 416 1994 483 defiderijs
2008 419 2071 469 in
2085 417 2177 470 his
2190 417 2435 480 satisfiat,

239 508 386 557 quas
406 498 470 543 ut
488 497 717 543 mature
739 497 874 543 ante
895 490 1201 542 instantem
1221 488 1499 554 hyemem
1519 491 1821 553 accipiam,
1844 504 2088 554 operam
2108 488 2232 541 des:
2259 489 2436 554 idque

238 563 689 616 commodissime
715 561 831 622 fiet,
859 561 899 612 fi
926 577 1025 613 eas
1052 560 1273 611 miseris
1292 559 1388 611 vel
1408 558 1781 612 Rostochium
1804 559 1879 612 ad
1899 559 1973 611 D.
1996 559 2436 614 HENRICUM

238 633 662 686 BRUCAEUM
677 632 999 695 Medicum,
1018 630 1113 682 vel
1130 631 1444 692 Lubecam,
1465 630 1540 683 ad
1562 630 1636 683 D.
1651 629 1977 684 PETRUM
1993 631 2436 693 MEMMIUM,

238 708 415 757 etiam
454 704 775 764 Medicum,
820 709 923 755 aut
966 702 1105 754 illuc
1144 717 1383 766 quoque
1421 701 1496 754 ad
1535 701 1944 755 FRANCISC.
1984 701 2437 764 KNOCKERT,
2487 720 2510 756 5

237 777 541 828 Patritium
574 780 629 826 et
661 774 1007 826 Senatorem
1039 773 1216 834 urbiS‚
1249 772 1344 825 vel
1377 772 1744 825 Nauclerum
1776 773 2093 838 quendam,
2131 773 2439 826 ALBERT

240 846 507 899 GRUBE
534 848 792 905 nomine,
820 844 1184 896 habitantem
1207 847 1269 896 in
1292 844 1523 909 Angelo
1547 843 1879 896 Lubecenfi.
1908 844 2283 909 Quocunque
2309 840 2438 914 Ιιο-ΙΙ

237 933 371 969 rum
398 919 462 969 in
489 916 876 981 procurandis
903 915 1084 967 literis
1110 915 1246 968 usus
1271 915 1468 976 fueriS,
1498 915 1663 980 spero
1689 930 1785 967 me
1813 931 1913 968 eas
1939 916 2015 968 ad
2041 918 2230 968 civem
2256 932 2437 980 quen·
2474 925 2552 969 191

238 989 376 1041 dam
396 987 801 1048 Hafniensem,
828 990 890 1038 in
916 986 1142 1039 aedibus
1164 989 1312 1039 meis
1335 986 1716 1047 habitantem,
1743 986 2242 1040 DESIDERIUM
2261 987 2438 1040 FUL-

238 1059 526 1113 LONEM
547 1060 806 1119 nomine,
828 1058 1068 1119 delataS,
1089 1057 1258 1110 facile
1280 1065 1334 1110 et
1353 1058 1516 1110 brevi
1536 1058 1929 1111 obtenturum.
1947 1058 2109 1119 Vale,
2131 1064 2186 1111 et
2206 1058 2438 1124 rescrip-
2492 1076 2536 1112 ιο

236 1134 460 1183 tionem
484 1137 733 1182 matura.
765 1130 927 1195 Rogo
955 1132 1149 1191 etiam,
1177 1136 1240 1181 ut
1267 1128 1592 1194 Magnifico
1618 1128 2101 1194 Nobilissimoque
2127 1130 2271 1182 Viro
2297 1129 2438 1182 AN-

238 1201 473 1254 DREAE
504 1200 866 1263 DUDITIO,
897 1200 937 1252 fi
965 1201 1132 1253 vobis
1161 1203 1224 1253 in
1252 1204 1588 1266 propinquo
1619 1200 1709 1262 est,
1742 1216 1879 1252 meo
1911 1202 2154 1253 nomine
2184 1200 2439 1254 officiose

237 1273 482 1325 salutem
510 1272 701 1325 dicere
730 1272 825 1324 vel
853 1272 1200 1337 perscribere
1230 1288 1354 1324 non
1381 1274 1745 1324 intermittas,
1775 1272 2058 1336 Optarem
2086 1287 2228 1324 vero
2257 1288 2440 1338 quam

237 1347 496 1396 maxime
520 1344 677 1396 illius
698 1343 770 1395 de
790 1344 939 1396 libro
960 1343 1169 1405 nostr0‚
1195 1343 1296 1396 fibi
1317 1346 1495 1396 etiam
1514 1343 1845 1404 transmiBO,
1872 1343 2173 1396 iudicium.
2202 1343 2380 1407 Quod
2399 1343 2441 1396 fi

238 1431 341 1481 per
370 1422 425 1467 te
455 1415 528 1468 ab
557 1415 680 1480 ipso
710 1418 903 1475 etiam,
934 1421 1070 1467 ante
1100 1414 1331 1481 hyemis
1359 1415 1797 1480 impedimenta,
1830 1414 2010 1467 literis
2040 1414 2439 1480 consignatum
2492 1431 2535 1467 ιε

238 1490 647 1552 impetraverQ
680 1486 884 1538 feceris
915 1486 1064 1538 mihi
1095 1502 1221 1538 rem
1252 1486 1425 1552 longe
1457 1487 1842 1552 gratissimam.
1882 1486 2100 1538 Iterum
2131 1485 2440 1539 felicissime

238 1558 386 1610 vale.
409 1558 584 1610 Datae
605 1556 966 1623 Uraniburgi
986 1558 1079 1610 die
1100 1558 1173 1610 17.
1195 1558 1437 1623 Augusti
1457 1559 1639 1609 Anno
1660 1558 1804 1610 1588.

1459 1652 1574 1704 Tui
1595 1653 2014 1705 amantissimus

1784 1722 2025 1777 TYcHo
2052 1724 2296 1776 BRAHE.

239 1864 289 1910 [Ε
310 1864 453 1902 codice
473 1864 795 1900 vindobonensi
814 1864 882 1900 lat.
902 1864 996 1900 9737
1010 1863 1040 1908 f]
2453 1864 2536 1908 -l-zo

315 1952 1022 2026 AMPLISSIMO
1067 1952 1148 2024 N
1158 1951 2058 2042 OBILISSIMOQUE
2098 1951 2363 2026 VIRO
2484 1982 2542 2025 7v

404 2055 741 2109 DOMINO
769 2056 1135 2109 HENRICo
1163 2056 1596 2118 RANzovm,
1624 2055 1963 2109 DOMINO
1990 2056 2077 2108 IN
2104 2056 2274 2108 BRE-

543 2138 1001 2199 DENBERGA,
1028 2139 1260 2192 ARels
1287 2138 1782 2192 SEGEBERGAE
1807 2138 2136 2192 PRAESIDI

699 2221 797 2273 ET
823 2222 1068 2275 REGIo
1096 2222 1183 2274 IN
1210 2222 1615 2275 HoLSATIA
1640 2222 1986 2283 VICARIQ

920 2305 1192 2359 AMICO
1220 2306 1377 2359 SUO
1405 2305 1756 2358 INPRIMIS
2489 2323 2536 2358 2⁵

1136 2389 1544 2442 COLENDO.

259 2538 314 2560 a
335 2478 628 2604 „fx
666 2484 894 2537 CCEPI
913 2486 1068 2569 intra
1087 2500 1308 2550 paucas
1328 2483 1733 2568 hebdomadas
1752 2490 1838 2536 ter
1855 2482 1950 2567 xsel
1967 2489 2174 2548 quater
2190 2500 2228 2567 a
2243 2490 2298 2536 te
2318 2484 2440 2537 lite-
2484 2492 2536 2536 6r

486 2576 610 2628 Ἃ)
664 2571 776 2616 raS‚
798 2555 1157 2608 Nobihss1me
1178 2556 1635 2621 amphss1meque
1655 2571 1760 2617 vu,
1789 2555 2002 2620 quibus
2021 2554 2257 2621 lingulis
2275 2561 2442 2608 tuam

666 2642 802 2692 erga
833 2643 928 2679 me
960 2627 1452 2688 benevolentiam,
1489 2633 1544 2679 et
1579 2629 1641 2679 in
1673 2626 2047 2692 procuranda
2077 2641 2303 2692 papyro
2335 2629 2441 2679 im-

512 2763 515 2770 *
663 2699 950 2763 pressoria,
977 2698 1185 2751 nostrae
1207 2697 1461 2751 officinae
1481 2697 1918 2764 typographicae
1938 2697 2170 2759 idonea,
2190 2697 2441 2751 studium
2490 2714 2537 2750 30

241 2912 465 2965 laudati
485 2913 652 2978 Regis
678 2912 869 2974 nostri,
896 2914 1154 2978 pijssimae
1180 2914 1504 2974 memoriae,
1533 2914 1722 2964 extrui
1748 2910 1954 2964 curasti
1982 2910 2184 2975 (quem
2208 2912 2333 2963 una
2353 2926 2439 2964 re-

242 2982 391 3047 cepi)
422 2983 497 3035 est
526 2984 685 3048 quod
713 2987 927 3049 gratias
955 2984 1058 3036 tibi
1087 2983 1343 3036 habeam
1370 2986 1678 3036 maximas
1712 2983 1919 3035 Laudo
1944 2996 2086 3035 vero
2117 2981 2442 3047 plurimum

241 3060 406 3106 tuam
427 3056 489 3106 in
508 3054 621 3106 hoc
642 3070 779 3120 erga
799 3055 1030 3121 Regem,
1053 3057 1271 3120 optime
1293 3055 1364 3107 de
1385 3055 1661 3108 omnibus
1680 3056 1974 3115 meritum,
1994 3055 2157 3118 piam
2171 3059 2226 3106 et
2238 3069 2440 3119 perpe·
2489 3068 2536 3104 35

242 3131 407 3176 tuam
435 3128 801 3178 memoriam.
833 3126 1214 3179 Sciotericum
1240 3125 1624 3187 horizontale,
1656 3125 1815 3191 quod
1841 3131 2018 3178 antea
2042 3124 2440 3190 promiseram,

243 3198 364 3247 iam
384 3198 565 3247 mitto,
587 3197 905 3261 Accepisses
919 3198 977 3249 id
993 3200 1160 3250 citius
1175 3214 1311 3250 cum
1327 3197 1712 3250 GERARDO
1727 3196 1868 3257 filio,
1886 3196 1927 3248 fi
1943 3198 1993 3248 is
2008 3211 2104 3248 me
2122 3202 2258 3248 ante
2271 3195 2442 3249 suum

243 3266 319 3318 ad
347 3272 402 3317 te
432 3266 672 3328 abitum,
703 3274 766 3319 ut
793 3268 1114 3332 sperabam,
1144 3268 1421 3321 invifisset.
1452 3269 1542 3321 Est
1571 3275 1771 3321 autem
1799 3267 2107 3320 horarium
2135 3266 2280 3319 illud
2308 3266 2441 3320 satis

244 3337 547 3402 diligenter
574 3338 957 3400 elaboratum,
984 3355 1178 3404 neque
1205 3339 1430 3405 aliquid
1455 3340 1594 3393 latet
1612 3342 1754 3405 vitij,
1782 3355 1901 3404 quo
1924 3341 2123 3391 minus
2142 3340 2348 3390 omnia
2365 3338 2441 3391 ad

2178 3409 2441 3462 amussim
