2632 4022
702 287 1398 343 ANNOTATIONES
1426 290 1894 346 EDITORUM
2309 295 2402 348 401

195 425 303 469 Poli
335 425 572 478 altitudo,
604 426 714 481 ipsa
746 428 1006 472 carebunt
1036 430 1311 483 parallaxi.
1345 432 1506 486 Atqui
1533 432 1891 477 Phaenomena
1921 434 2050 478 talia
2082 438 2174 478 aut
2201 435 2404 479 faciunt

194 484 444 540 periodos
471 485 589 529 suas
614 486 844 542 integras
865 500 897 530 a
916 488 1115 532 vertice
1141 490 1328 544 capitis
1352 494 1404 534 et
1428 491 1735 543 Horizonte,
1764 496 1856 536 aut
1880 493 2018 537 intra
2043 495 2292 549 periodos
2319 508 2404 539 eo·

194 555 315 587 rum
336 545 636 588 continetur
654 549 840 590 vertex
859 547 1062 602 capitis.
1085 548 1137 591 Si
1157 549 1261 592 hoc
1284 550 1509 603 accidat,
1525 551 1547 575 '⁸¹
1562 551 1787 595 summae
1808 552 2025 596 maioris
2047 554 2331 598 altitudinis
2352 558 2404 598 et

196 603 432 656 minoris,
448 604 551 648 hac
568 605 636 647 ab
650 605 737 648 illa
752 606 948 658 demta,
965 607 1279 651 differentiae
1297 609 1519 652 summae
1536 610 1849 664 medietatis,
1867 624 2031 666 quam
2045 614 2204 657 demo
2220 626 2286 657 ex
2299 614 2401 666 90⁰;

196 663 233 706 si
259 663 404 717 quod
429 667 686 716 remanet,
714 665 786 708 est
811 667 1019 719 aequale
1045 667 1303 710 altitudini
1322 669 1444 721 Poli‚
1471 670 1578 712 tale
1598 670 1994 715 Phaenomenon
2014 673 2217 716 carebit
2235 674 2405 716 Paral-

195 722 318 775 laxi‚
341 723 486 777 quod
505 723 894 767 demonstratur
913 725 997 768 lic.
1027 723 1036 784 Ι

267 782 358 824 ΑΒ
379 782 438 825 fit
455 782 697 835 horizon,
726 783 819 826 CD
841 784 956 827 axis
978 723 1157 828 l-loriz.
1182 786 1286 829 GH
1307 790 1566 841 aequator,
1597 788 1678 830 EF
1699 789 1812 832 axis
1832 790 2032 842 mundi,
2061 791 2134 834 LI
2154 792 2405 846 periodus

194 841 397 896 integra
415 841 758 886 Phaenomeni
777 843 933 898 supra
951 846 1169 888 terram.
1197 846 1242 888 A
1262 845 1457 900 puncto
1477 848 1522 889 A
1542 847 1833 892 horizontis
1860 850 2086 893 ducatur
2111 851 2159 894 ei
2184 851 2404 905 periodo

194 901 451 956 parallela
470 901 596 945 AM.
626 901 723 945 His
748 903 926 957 positis
953 903 1074 947 dico
1097 904 1163 949 BI
1185 904 1284 948 esse
1303 906 1602 949 maximam
1629 908 1958 952 altitudinem
1981 910 2108 961 eius,
2136 911 2234 952 AL
2259 911 2406 953 mini-

195 972 360 1004 mam.
382 959 436 1003 Si
455 972 580 1016 ergo
601 961 789 1005 demas
809 962 1089 1006 minimam
1111 964 1440 1009 altitudinem
1456 977 1522 1009 ex
1536 966 1791 1019 maxima,
1812 969 2109 1012 remanebit
2122 970 2240 1012 ΒΜ.
2264 970 2406 1012 Nam

196 1031 354 1063 arcus
373 1020 471 1062 AL
491 1020 714 1075 aequalis
737 1021 828 1076 ipfi
849 1021 952 1065 ΜΙ.
974 1023 1146 1066 Arcus
1166 1023 1267 1066 ΒΜ
1288 1024 1342 1067 in
1362 1025 1468 1068 duo
1489 1026 1718 1080 aequalia
1745 1027 1951 1070 secatur
1976 1027 2170 1082 puncto
2193 1029 2259 1080 H,
2282 1029 2406 1084 quia

194 1079 303 1122 AM
325 1079 396 1123 est
415 1081 670 1134 parallela
690 1080 782 1135 ipsi
803 1081 926 1133 GH,
947 1093 1044 1136 per
1061 1082 1160 1125 3οω
1185 1083 1277 1127 1¹2³.
1301 1084 1427 1128 Ideo
1450 1084 1548 1127 GA
1566 1088 1618 1128 et
1635 1085 1749 1127 HM
1771 1088 2021 1140 aequales.
2044 1088 2111 1130 At
2130 1088 2226 1130 HB
2242 1092 2292 1131 et
2308 1089 2406 1132 GA

194 1140 430 1193 aequales
445 1139 513 1182 ob
528 1139 557 1182 4
571 1142 622 1183 et
640 1139 693 1182 15
711 1140 788 1182 lmi
808 1143 860 1183 et
878 1140 937 1184 26
955 1141 1108 1197 tertij.
1131 1142 1183 1185 Si
1200 1143 1388 1186 demas
1401 1143 1495 1187 AG
1515 1146 1782 1198 aequalem
1802 1147 2073 1190 medietati
2093 1147 2407 1191 differentiae

195 1198 451 1242 maximae
477 1201 530 1242 et
556 1199 794 1243 minimae
821 1200 1155 1244 altitudinum
1185 1213 1252 1245 ex
1279 1202 1376 1254 90⁰,
1407 1203 1439 1246 i.
1470 1215 1515 1247 e.
1547 1215 1613 1247 ex
1646 1205 1940 1258 quadrante
1971 1206 2077 1257 GE,
2111 1207 2407 1251 remanebit

193 1258 285 1300 AE
305 1257 413 1312 poli
433 1257 670 1302 altitudo.
693 1260 768 1301 Ex
788 1259 870 1302 his
889 1259 1038 1304 vides
1057 1273 1145 1304 me
1164 1272 1273 1304 non
1290 1262 1389 1305 esse
1406 1263 1610 1316 lapsum
1626 1263 1713 1306 sed
1725 1267 1778 1307 te
1792 1276 1900 1307 non
1913 1265 2211 1309 intellexisse
2225 1268 2407 1309 locum

194 1317 358 1361 illum.
381 1317 538 1369 Quod
552 1322 733 1362 autem
750 1318 950 1373 perstas
964 1319 1016 1362 in
1031 1320 1366 1365 defendendo
1381 1323 1590 1365 calculo
1605 1323 1717 1366 veri
1731 1327 1910 1367 motus
1930 1331 1974 1375 Θ
1985 1357 1996 1376 ,
2020 1336 2179 1379 quem
2192 1326 2408 1368 tradidit

195 1376 541 1431 Copernicus,
563 1376 894 1432 sectaturque
914 1391 1039 1422 eum
1059 1379 1394 1433 Reinholdus‚
1423 1381 1654 1425 Stadius:
1683 1383 1808 1426 volo
1833 1384 2126 1428 admonere
2147 1388 2407 1439 tanquam

196 1436 447 1489 amicum,
469 1448 536 1480 ne
556 1437 858 1492 praecipites
877 1438 1189 1482 sententiam
1207 1442 1373 1491 tuam,
1396 1443 1556 1494 atque
1573 1441 1628 1484 in
1646 1442 1805 1485 rebus
1825 1442 2220 1487 Mathematicis
2234 1445 2287 1487 in
2300 1445 2409 1487 nul-

194 1496 294 1539 lius
312 1496 481 1539 verba
499 1496 657 1549 iures,
679 1497 767 1540 sed
781 1509 849 1541 ex
863 1498 1213 1542 Geometricis
1227 1502 1279 1542 et
1292 1499 1653 1544 Arithmeticis
1669 1504 1720 1544 et
1735 1501 1935 1555 Opticis
1955 1503 2408 1547 demonstrationi-

195 1555 310 1607 bus,
338 1567 406 1599 ex
431 1556 570 1599 coelo
596 1556 724 1611 ipso,
751 1567 859 1600 non
886 1569 953 1600 ex
976 1557 1172 1601 tabulis
1191 1558 1282 1601 vix
1306 1558 1389 1602 100
1413 1559 1563 1603 annis
1590 1560 1871 1613 duraturis,
1898 1574 2028 1605 vera
2054 1563 2175 1606 loca
2195 1563 2408 1606 Phaeno-

195 1626 395 1659 menmv
423 1615 593 1659 discas
623 1615 979 1671 assuescasque
1006 1617 1060 1660 in
1088 1617 1169 1661 his
1193 1618 1513 1673 colligendis,
1546 1622 1597 1662 et
1622 1620 1881 1674 percipies
1904 1625 2113 1665 motum
2144 1628 2188 1673 Θ
2218 1634 2408 1665 verum

195 1686 349 1730 egere
369 1675 759 1728 emendatione,
782 1676 1027 1731 saepeque
1042 1677 1396 1731 Copernicum
1411 1681 1462 1721 et
1475 1679 1803 1733 Alphonsum
1818 1683 1869 1723 et
1882 1681 2239 1725 Purbachium
2260 1682 2409 1725 aber-

193 1745 316 1777 rare
336 1746 369 1777 a
388 1745 518 1778 vero
539 1736 660 1779 loco
686 1741 754 1786 Θ,
782 1736 872 1789 qui
891 1736 1018 1779 data
1039 1740 1295 1780 accurata
1321 1737 1429 1792 poli
1456 1738 1728 1782 altitudine
1753 1739 1894 1796 (quae
1922 1740 2089 1784 solum
2117 1740 2304 1784 exacta
2330 1754 2410 1784 ra-

194 1793 337 1837 tione
363 1805 430 1837 ex
457 1793 611 1838 stellis
632 1795 838 1849 semper
864 1796 1241 1850 apparentibus
1267 1799 1319 1839 et
1344 1803 1389 1847 Θ
1415 1797 1711 1841 meridiana
1738 1798 2010 1843 altitudine
2037 1800 2297 1844 beneficio
2325 1802 2410 1843 de—

195 1853 493 1897 clinationis
513 1853 643 1911 eius)
664 1853 890 1897 areatim
909 1854 963 1897 in
980 1855 1224 1898 tabulam
1244 1856 1661 1900 declinationum
1682 1864 1726 1909 Θ
1746 1858 1986 1910 immissa‚
2009 1860 2286 1903 certissime
2306 1861 2410 1903 col-

195 1912 368 1968 ligitur
390 1915 505 1956 toto
531 1913 767 1968 exceptis
792 1913 851 1957 48
877 1914 1062 1958 diebus
1088 1926 1281 1970 nempe
1311 1916 1364 1958 12
1391 1915 1576 1960 diebus
1603 1920 1726 1960 ante
1752 1921 1804 1960 et
1829 1918 1941 1972 post
1967 1919 2189 1970 solstitia,
2220 1920 2273 1962 in
2303 1920 2410 1973 qui-

195 1972 295 2016 bus
315 1972 384 2016 ob
405 1973 728 2027 parvitatem
749 1976 928 2017 motus
949 1974 1331 2026 declinationis,
1360 1987 1468 2018 non
1487 1976 1654 2030 potest
1673 1977 1930 2031 partiliter
1950 1978 2290 2032 deprehendi,
2318 1979 2408 2021 nifi

195 2031 435 2076 maximo
463 2032 642 2087 aliquo
667 2032 1028 2085 instrumento,
1058 2045 1163 2088 quo
1191 2034 1489 2078 differentia
1514 2035 1542 2078 3
1569 2036 1694 2079 min.
1723 2037 1872 2090 possit
1897 2038 2111 2092 percipi.
2141 2038 2194 2080 Si
2213 2038 2318 2081 hoc
2340 2038 2407 2081 ab

194 2092 261 2134 A⁰
282 2091 498 2135 Domini
522 2091 650 2144 1549,
681 2103 786 2147 quo
809 2092 1119 2147 Hispaniam
1139 2094 1541 2138 describendam
1563 2095 1774 2150 suscepi,
1802 2096 1964 2150 usque
1984 2097 2053 2140 ad
2072 2097 2177 2140 hoc
2197 2100 2409 2152 tempus

196 2150 523 2203 exercuisses,
545 2152 699 2207 longe
720 2151 864 2195 aliud
885 2152 1114 2205 sentires,
1138 2165 1300 2208 quam
1322 2153 1517 2198 scribis.
1540 2154 1728 2198 Rursus
1750 2156 1785 2197 fi
1806 2167 1873 2198 ex
1892 2156 2022 2199 locis
2048 2162 2093 2207 Θ
2120 2157 2409 2211 supputatis

196 2211 405 2254 calculo
426 2210 704 2266 Copernici
727 2211 952 2255 totidem
979 2212 1145 2264 annis,
1174 2216 1227 2256 et
1252 2212 1363 2256 eius
1389 2213 1695 2257 meridianis
1722 2214 2096 2267 altitudinibus,
2123 2216 2334 2259 urbium
2358 2219 2410 2259 et

196 2271 458 2321 locorum,
481 2282 710 2325 quorum
728 2271 1028 2315 altitudines
1041 2272 1150 2326 poli
1162 2272 1256 2315 tibi
1271 2272 1467 2326 alioqui
1481 2285 1547 2316 ex
1561 2275 1700 2316 coelo
1716 2274 2056 2328 deprehensae
2072 2275 2202 2326 sunt,
2224 2287 2410 2318 earun-

197 2330 323 2373 dem
347 2329 456 2384 poli
482 2329 814 2374 altitudinem
841 2330 1166 2385 supputares‚
1198 2332 1338 2386 saepe
1364 2332 1596 2375 diversas
1616 2336 1668 2375 et
1688 2333 1818 2376 alias
1839 2346 1870 2376 a
1891 2334 2067 2377 verbis
2088 2346 2277 2377 eorum
2301 2335 2410 2377 alti-

196 2389 404 2432 tudines
429 2389 539 2444 poli
563 2389 788 2442 videres,
816 2392 869 2433 et
893 2390 1160 2434 interdum
1187 2391 1544 2434 differentiam
1575 2391 1628 2434 18
1653 2392 1996 2436 minutorum.
2026 2394 2087 2436 Et
2113 2395 2181 2437 ad
2208 2393 2312 2438 hoc
2339 2394 2411 2436 in-

132 2455 154 2474 v
198 2448 431 2492 stitutum
451 2447 873 2508 propin-nquiora
887 2449 1098 2493 veritati
1112 2451 1226 2493 sunt
1240 2451 1359 2494 loca
1379 2456 1424 2501 Θ
1445 2463 1512 2494 ex
1524 2451 1793 2505 Alphonso
1814 2452 2140 2506 deprehensa
2160 2466 2322 2507 quam
2343 2465 2410 2496 ex
2449 2461 2452 2464 ·

198 2508 508 2563 Copernico.
532 2508 652 2552 Non
672 2508 872 2561 dubito,
896 2509 1022 2564 quin
1043 2510 1181 2564 saepe
1202 2510 1467 2553 aberraris
1488 2523 1520 2553 a
1539 2511 1761 2554 veritate
1782 2511 2044 2565 sequendo
2063 2512 2407 2567 Alphonsum‚

198 2568 285 2610 sed
306 2570 453 2611 certo
475 2567 596 2619 scio,
625 2568 768 2622 quod
787 2569 957 2624 magis
977 2572 1029 2612 et
1049 2569 1238 2623 saepius
1259 2569 1462 2613 errabis
1484 2570 1746 2624 sequendo
1769 2571 2121 2625 Copernicum
2145 2584 2308 2626 quam
2328 2572 2411 2614 Al-

197 2627 475 2681 phonsum.
492 2627 573 2670 De
586 2627 718 2671 locis
733 2628 961 2671 aliorum
975 2629 1311 2672 Planetarum
1326 2632 1379 2672 et
1392 2629 1658 2672 stellarum
1672 2629 1725 2672 in
1740 2630 2233 2685 omnibusreperies
2247 2631 2411 2673 mani-

196 2686 354 2730 festos
377 2698 607 2738 errores;
635 2686 688 2729 in
713 2687 1121 2742 longitudinibus
1149 2688 1414 2731 stellarum
1440 2689 1492 2730 51
1525 2689 1738 2732 minutis
1766 2690 2111 2744 propinquior
2131 2690 2201 2733 est
2222 2690 2410 2744 Coper-

197 2745 348 2789 nicus
359 2746 645 2800 Alphonso,
659 2746 747 2790 sed
761 2746 904 2790 abest
916 2747 1237 2802 Copernicus
1253 2759 1285 2790 a
1299 2759 1428 2791 vero
1443 2748 1564 2791 loco
1579 2748 1932 2802 praecessionis
1943 2748 2410 2803 AEquinod’tiorum

197 2805 254 2848 27
273 2817 344 2848 m.
365 2805 723 2850 utminimum.
753 2805 894 2849 Nam
920 2806 1063 2849 stella
1087 2807 1401 2861 praecedens
1419 2807 1472 2849 in
1493 2807 1743 2851 cornibus
1762 2813 1822 2860 V
1841 2809 2110 2863 completo
2132 2819 2272 2851 anno
2298 2808 2410 2851 1574

199 2864 487 2908 secundum
507 2865 676 2919 ipsum
696 2865 819 2909 esset
837 2865 890 2908 in
909 2865 992 2908 27⁰
1011 2866 1091 2908 50¹
1111 2870 1186 2918 V,
1209 2877 1334 2909 cum
1352 2878 1543 2909 revera
1563 2867 1622 2909 sit
1640 2868 1777 2909 ultra
1798 2867 1880 2910 28⁰
1905 2868 1956 2910 17
1976 2880 2049 2910 m.
2065 2873 2138 2920 V.
2162 2868 2410 2922 Experire

198 2926 251 2967 et
275 2924 402 2967 nulli
428 2924 632 2968 credas.
663 2924 819 2976 Quod
846 2925 1030 2968 attinet
1056 2925 1125 2968 ad
1151 2925 1451 2968 latitudines
1479 2925 1759 2978 stellarum,
1788 2927 2010 2969 maximi
2035 2927 2197 2970 etiam
2219 2926 2411 2981 reperi-

198 2986 357 3026 untur
381 2995 590 3027 errores
610 2983 664 3026 in
684 2984 947 3035 omnibus,
975 2997 1104 3027 nam
1124 2985 1285 3028 secuti
1306 2985 1419 3027 sunt
1445 2985 1699 3040 gregatim
1727 2997 1912 3029 omnes
1932 2987 2282 3037 Ptolomeum,
2311 2997 2409 3028 nec

198 3042 252 3085 in
270 3054 378 3086 uno
398 3043 603 3086 minuto
624 3043 917 3087 dissentiunt
938 3043 1006 3086 ab
1027 3055 1108 3095 eo,
1138 3044 1281 3098 quod
1307 3044 1475 3088 miror
1494 3055 1590 3087 cur
1609 3056 1717 3088 non
1737 3045 1804 3088 ob
1814 3045 2030 3088 servarit
2048 3045 2226 3102 (quem
2247 3046 2412 3088 Ptolo-

199 3113 343 3146 maeo
372 3113 480 3146 non
509 3103 720 3145 dubitas
747 3102 1022 3160 praeferre)
1047 3103 1386 3157 Copernicus,
1417 3104 1566 3146 cuius
1596 3102 1895 3147 doctrinam
1921 3105 2269 3159 vehementer
2298 3105 2411 3148 sum

200 3161 377 3204 solitus
406 3162 672 3205 extollere.
706 3162 903 3205 Erasmi
933 3161 1231 3205 doctrinam
1261 3162 1546 3206 duodecim
1577 3163 1742 3215 annis,
1776 3164 1964 3218 quibus
1997 3164 2330 3207 mathemata
2358 3164 2411 3206 in

199 3220 304 3264 hoc
333 3221 606 3275 gymnasio
635 3221 952 3264 Valentiano
984 3222 1256 3276 profiteor,
1293 3222 1497 3276 semper
1526 3222 1801 3276 explicavi.
1838 3223 2088 3266 Similiter
2117 3223 2411 3266 Iohannem

200 3279 675 3334 Regiomontanum
695 3281 1074 3324 commendavi
1094 3281 1298 3335 semper
1316 3281 1577 3335 discipulis
1593 3282 1741 3333 meis,
1764 3285 1816 3324 et
1835 3294 1901 3325 ex
1916 3282 2181 3336 frequenti
2195 3283 2412 3326 medita-

198 3338 341 3382 tione
361 3339 556 3383 horum
578 3342 843 3391 autorum,
866 3340 1100 3395 percipio
1121 3352 1186 3383 ex
1206 3341 1364 3383 horto
1387 3341 1784 3395 Regiomontani
1803 3343 2056 3385 traduces
2078 3345 2129 3384 et
2150 3342 2412 3396 plantaria

343 3423 383 3457 51
