2664 4030
109 1111 152 1147 10

110 1468 152 1503 15

89 1673 176 1717 27*

107 1824 154 1859 20

108 2180 155 2215 25

110 2536 157 2571 30

268 311 572 365 TYCHO
600 312 723 364 AD
749 311 1293 365 THADDAEUM
1321 310 1806 364 HAGECIUM
1837 312 1858 363 l
1887 311 2049 365 IUL.
2079 313 2224 365 1586
2309 313 2401 365 109

199 453 275 507 ob
300 456 607 519 proprium
631 453 806 519 ipfius
831 456 1138 520 ingenium
1164 456 1227 506 in
1251 456 1450 519 precio
1475 451 1676 514 habui,
1705 453 2014 518 pluraque,
2045 470 2228 519 quam
2253 454 2401 507 forte

199 541 349 591 opus
374 525 571 586 fuisset,
597 525 953 589 concredidi)
981 526 1141 590 quod
1160 541 1296 578 mea
1315 525 1434 577 fine
1453 540 1589 577 meo
1610 524 1891 577 consensu
1910 525 2012 577 sub
2032 525 2136 578 suo
2157 529 2400 578 nomine

197 596 433 662 publica
452 596 643 658 faciat,
670 612 794 649 non
814 596 974 661 quod
994 596 1125 662 alijs
1145 612 1281 649 mea
1299 598 1542 648 inventa
1559 595 1877 656 invideam,
1898 596 1994 648 sed
2009 599 2150 661 quia
2163 597 2402 662 ipsemet

200 668 272 720 de
286 667 643 720 Mechanica
656 667 1049 719 Astronomiae
1068 674 1233 732 parte
1252 667 1537 732 peculiari
1554 682 1732 731 opere
1746 665 1992 720 tractare
2008 674 2063 719 et
2075 668 2402 720 multorum

199 738 679 803 diversorumque
698 754 1059 804 organorum
1077 737 1420 791 structuram
1440 738 1677 804 posteris
1695 741 2135 791 communicare
2154 740 2400 791 decrevi.

200 809 401 874 Quam
426 812 627 875 itaque
648 810 722 862 ab
742 809 875 875 alijs
894 812 1144 875 gratiam
1163 825 1270 875 pro
1290 817 1373 862 tot
1392 810 1592 862 arduis
1611 809 1913 862 laboribus
1933 816 1988 861 et
2006 809 2290 862 sumtibus
2315 813 2402 862 in-

199 881 571 934 credibilibus
584 896 709 932 non
722 883 1035 942 immerit0‚
1050 881 1214 933 velte
1229 881 1437 941 iudice,
1455 887 1755 946 reportare
1770 881 2072 942 debebam,
2088 881 2200 942 iste,
2217 897 2402 946 quan·

198 959 326 1005 tum
352 954 416 1004 in
444 951 567 1016 ipso
597 951 687 1012 est,
717 955 1034 1017 praeripere
1059 952 1296 1017 sibique,
1323 952 1533 1005 alienis
1558 952 1776 1016 plumis
1801 952 1857 1004 se
1883 951 2057 1004 instar
2083 952 2401 1005 corniculae

198 1023 583 1076 AESOPICAE
621 1023 985 1084 exornandO,
1024 1024 1339 1076 attribuere
1378 1030 1640 1075 conatur.
1680 1023 1793 1076 Sed
1824 1023 2063 1076 valeant
2101 1023 2232 1075 haec
2267 1040 2403 1076 cum

200 1097 442 1156 caeteriS,
469 1109 606 1159 quae
632 1110 669 1147 a
693 1094 964 1158 perverso
989 1097 1336 1160 ingratoque
1362 1095 1589 1147 mundo
1617 1097 1934 1146 enormiter
1956 1094 2254 1159 astuteque
2274 1094 2404 1147 fieri

200 1165 642 1218 consueverunt.
665 1166 997 1219 Commode
1016 1172 1217 1225 tamen
1236 1166 1351 1218 hoc
1371 1165 1594 1226 accidit,
1615 1172 1679 1217 ut
1700 1180 1787 1226 ea,
1809 1181 1944 1230 quae
1964 1171 2104 1217 tunc
2122 1169 2403 1230 temporis

198 1236 690 1290 WITTICHIUS
710 1237 870 1302 apud
889 1252 986 1288 me
1005 1236 1149 1289 vidit
1168 1236 1411 1301 alijsque
1431 1252 1539 1301 pro
1558 1236 1674 1288 suis
1693 1236 1888 1300 postea
1906 1237 2246 1298 venditavit,
2272 1237 2402 1288 nul-

199 1308 322 1361 lam
342 1308 644 1361 obtineant
663 1310 1170 1373 comparationem
1189 1308 1266 1360 ad
1285 1307 1431 1367 haec,
1453 1323 1589 1372 quae
1603 1307 1972 1372 postmodum
1985 1310 2049 1359 in
2062 1307 2177 1359 hoc
2190 1323 2402 1373 genere

200 1395 238 1432 a
262 1395 359 1432 me
386 1379 688 1432 elaborata
712 1379 858 1441 sunt,
886 1379 1037 1432 adeo
1064 1385 1129 1431 ut
1153 1381 1354 1443 priora
1379 1394 1539 1430 nunc
1559 1378 1798 1443 ipsemet
1818 1378 2202 1443 parvifaciam
2223 1386 2277 1431 et
2296 1395 2404 1444 pro

201 1453 520 1516 antiquatis
544 1450 842 1516 seponam,
873 1449 1380 1515 quemadmodum
1409 1448 1540 1502 haec
1567 1449 1743 1501 latius
1770 1449 2095 1514 cognosceS,
2125 1450 2227 1502 ubi
2254 1466 2404 1515 opus

200 1522 347 1574 illud
375 1522 652 1582 nostrum,
683 1524 852 1574 cuius
881 1527 1057 1574 antea
1084 1523 1348 1582 memini,
1378 1521 1538 1585 quod
1568 1520 1988 1573 Mechanicam
2012 1520 2404 1573 Astronomiae

200 1600 428 1659 partem
458 1593 787 1645 luculenter
818 1590 1100 1654 tractabit,
1139 1595 1202 1644 in
1239 1592 1543 1657 publicum
1580 1592 1875 1657 prodierit.
1914 1592 1983 1643 In
2015 1607 2194 1656 quem
2226 1595 2405 1644 etiam

202 1664 372 1717 usum
393 1664 775 1716 instrumenta
794 1659 815 1733 ΙΙ
834 1679 971 1716 mea
991 1666 1196 1716 omnia
1214 1663 1522 1716 artificiose
1542 1663 1838 1716 delineata
1858 1666 2042 1715 aeneis
2060 1663 2298 1716 laminis
2318 1666 2404 1715 in-

201 1735 383 1800 sculpi
402 1751 672 1801 procur0.
694 1735 814 1788 Ubi
826 1750 970 1788 vero
987 1750 1112 1788 non
1128 1735 1330 1787 saltem
1346 1734 1493 1795 haec,
1515 1734 1610 1787 sed
1626 1742 1681 1786 et
1694 1734 1842 1787 alias
1857 1734 2078 1787 nostras
2091 1750 2199 1799 pro
2213 1734 2404 1787 Astro-

201 1809 408 1859 nomia
433 1807 811 1860 instauranda
835 1806 1274 1859 lucubrationes
1300 1806 1588 1870 illumque
1616 1806 1688 1858 de
1707 1805 1974 1858 AEtherei
1999 1806 2208 1858 mundi
2234 1808 2405 1858 novis

204 1878 706 1932 Generationibus
722 1878 955 1939 librum,
976 1894 1155 1943 quem
1172 1894 1332 1930 nunc
1349 1893 1472 1943 prae
1489 1877 1766 1930 manibus
1783 1876 1994 1937 habe0‚
2015 1879 2166 1943 typis
2184 1877 2403 1937 nostriS‚

202 1950 336 2002 Deo
356 1956 603 2003 conatus
623 1949 978 2010 fortunante,
999 1949 1396 2014 publicavero,
1416 1956 1472 2001 te
1488 1964 1712 2008 eorum,
1734 1964 1913 2013 quem
1928 1951 2106 2001 etiam
2120 1947 2406 2000 arbitrum

201 2024 570 2087 praecipuum
593 2021 816 2086 (utpote
832 2020 1051 2073 harum
1064 2036 1263 2073 rerum
1277 2023 1429 2072 inter
1441 2035 1664 2085 paucos
1680 2023 1946 2085 apprime
1960 2019 2403 2085 intelligentem)

202 2096 266 2145 in
296 2092 390 2145 his
422 2092 590 2158 elig0,
630 2098 966 2158 compotem
996 2092 1240 2145 reddere
1272 2107 1396 2144 non
1429 2094 1825 2143 intermittam.
1864 2091 1979 2144 Sed
2008 2093 2131 2142 iam
2163 2091 2405 2142 demum

204 2164 631 2225 animadvertO,
660 2179 775 2224 me,
806 2164 949 2216 dum
978 2179 1102 2215 non
1130 2163 1249 2215 fine
1277 2162 1579 2227 voluptate
1609 2163 1828 2214 diutius
1856 2169 2052 2214 tecum
2080 2161 2403 2226 colloquor,

204 2235 457 2301 Epistolij
480 2235 696 2288 limites
714 2235 1048 2300 transgredi.
1071 2234 1447 2299 Quapropter
1460 2248 1620 2286 nunc
1633 2233 1845 2298 pedem
1858 2232 2111 2294 retrah0,
2132 2248 2404 2286 manum-

204 2322 319 2371 que
341 2322 372 2358 e
392 2305 595 2359 tabula
614 2306 826 2359 tollens
844 2312 900 2358 te
921 2305 1055 2357 Deo
1078 2306 1211 2370 Opt.
1228 2305 1393 2357 Max.
1416 2320 1553 2357 cum
1571 2311 1694 2357 tota
1711 2304 1938 2357 familia
1958 2304 2328 2357 commendo,
2350 2304 2404 2356 Is

204 2384 259 2430 te
287 2393 469 2442 quam
495 2378 797 2430 diutissime
821 2376 1120 2429 conservet
1138 2376 1500 2429 incolumem
1522 2383 1576 2428 et
1594 2375 1841 2428 felicem.
1863 2376 2010 2428 Vale
2031 2375 2404 2439 nostramque

204 2451 542 2509 amicitiam,
563 2448 848 2513 liquidem
863 2448 1118 2513 praesens
1133 2463 1377 2513 corpore
1393 2447 1578 2512 (velut
1591 2447 1735 2500 olim
1750 2446 2102 2510 Ratisbonae)
2118 2462 2242 2498 non
2254 2447 2404 2507 licet,

205 2522 409 2573 animo
438 2519 640 2572 saltem
669 2519 853 2584 (quod
881 2518 1046 2583 facis)
1076 2519 1282 2572 absens
1312 2518 1606 2579 conserva,
1637 2534 1888 2583 eamque
1917 2534 2022 2583 per
2046 2518 2243 2570 literas
2269 2518 2406 2570 data

206 2606 562 2656 quacunque
582 2593 1018 2656 opportunitate
1039 2593 1336 2650 continua,
1364 2590 1525 2655 quod
1546 2596 1600 2641 et
1619 2589 1736 2654 ipse
1756 2590 1990 2641 vicissim
2015 2589 2284 2654 praestare
2305 2604 2403 2640 ne-

205 2677 510 2727 quaquam
535 2665 932 2714 intermittam.
961 2661 1253 2714 Resalutat
1277 2668 1333 2713 te
1358 2661 1536 2713 frater
1557 2676 1727 2712 meus
1748 2660 2007 2713 STENO
2028 2660 2301 2712 BRAHE
2322 2659 2404 2711 of-

205 2733 556 2786 ficiofissime.
590 2734 809 2785 Iterum
841 2749 1023 2798 quam
1054 2732 1363 2785 felicissime
1391 2732 1524 2784 vale
1557 2738 1612 2784 et
1642 2732 1814 2797 plura
1846 2747 1883 2784 a
1913 2747 2027 2792 me,
2059 2731 2161 2783 ubi
2189 2731 2406 2783 librum

205 2811 375 2857 tuum
401 2804 692 2865 remiserQ
721 2803 977 2870 expecta.
1004 2804 1179 2857 Datae
1206 2804 1566 2869 Uraniburgi
1590 2803 1872 2856 Calendis
1897 2803 2027 2869 Iulij
2056 2802 2198 2868 stylo
2224 2804 2406 2854 veteri

111 2891 158 2927 35
206 2877 389 2928 Anno
408 2876 553 2929 1586.

2297 3441 2406 3507 [Ex
