2644 4030
254 299 346 351 125
785 295 1222 349 EPISTOLAE
1248 295 1919 348 ASTRONOMICAE

254 438 459 492 Habes
478 441 676 503 itaque
696 444 946 502 utraque
966 437 1205 490 illorum
1225 436 1406 490 dubia
1424 436 1775 490 sufficienter
1795 437 2125 503 explanata.
2152 439 2449 504 Cuperem

252 510 590 576 plurimum,
620 515 683 560 ut
711 524 946 561 mecum
976 512 1154 561 etiam
1180 510 1650 561 communicares
1678 508 1859 561 libros
1887 509 2020 562 illos
2048 509 2368 563 Genesium
2395 518 2449 564 et

252 582 701 645 Praeceptorum,
723 595 979 644 quorum
999 579 1634 632 RULLENHAGIUS
1653 582 1716 632 in
1735 582 2024 645 principio
2043 580 2282 634 suarum
2302 582 2377 634 ad
2393 588 2449 635 te

251 652 553 704 literarum
572 653 937 703 mentionem
955 650 1113 711 facit;
1140 649 1242 703 ubi
1262 665 1363 702 eas
1382 650 1780 715 introspexero
1800 651 2236 717 perlegeroque,
2263 652 2450 706 statim

251 725 560 782 remittam,
589 737 784 786 neque
816 722 966 774 alios
995 737 1204 774 eorum
1232 721 1476 774 reddam
1503 724 1830 787 participes
1859 722 2019 787 Quia
2043 738 2186 776 vero
2211 723 2450 789 ipsemet
2499 742 2521 777 ⁵

251 793 578 846 luculenter
592 793 956 846 PEUCERO
970 792 1173 858 scripsi,
1197 799 1251 845 et
1270 808 1395 846 non
1413 793 1602 846 solum
1623 793 2049 847 dubitationem
2067 797 2194 847 eius
2211 794 2296 847 illi
2311 811 2449 848 eno-

252 866 403 926 davi,
424 864 520 917 sed
540 867 717 916 etiam
738 863 1102 916 occafionem
1121 867 1481 917 inventionis
1500 864 1679 917 huius
1699 881 1875 918 novae
1895 865 2300 932 hypotheseos,
2328 868 2452 919 una

251 951 387 989 cum
406 935 753 1001 quibusdam
772 935 904 1001 alijs
923 935 1027 1000 ipfi
1047 935 1303 1000 exposui,
1327 938 1495 988 mitto
1515 936 1841 989 earundem
1859 936 2163 989 literarum
2183 938 2258 990 ad
2277 943 2333 990 te
2354 953 2450 990 ex-

251 1007 492 1072 emplar,
513 1013 577 1059 ut
595 1006 828 1072 plenius
849 1022 921 1059 ex
940 1009 1028 1073 ijs,
1056 1022 1192 1072 quae
1212 1006 1288 1060 ad
1308 1006 1464 1060 hanc
1484 1023 1609 1060 rem
1628 1006 1862 1069 faciant,
1884 1008 2227 1073 cognoscere
2248 1024 2449 1074 queas.

251 1078 495 1131 Reddidi
521 1081 698 1131 etiam
726 1077 896 1130 illum
925 1084 1259 1143 compotem
1285 1078 1715 1144 exemplarium
1741 1079 2119 1144 quorundam
2147 1079 2451 1132 literarum
2503 1097 2547 1132 10

250 1149 507 1202 Illustriss.
537 1149 820 1215 Principis
851 1149 1275 1203 GUILIELMI
1305 1150 1655 1216 Landgravij
1689 1145 1710 1219 ΙΙ
1740 1150 1956 1203 Hassiae
1986 1156 2041 1203 et
2070 1150 2245 1215 ipsius
2274 1149 2450 1204 Ceu-is
2494 1162 2545 1205 7r

250 1220 676 1282 Mathematici,
698 1221 775 1273 ad
794 1236 891 1273 me
911 1221 983 1274 de
1003 1224 1252 1274 materia
1270 1221 1680 1274 Astronomica
1699 1221 1988 1283 datarum,
2016 1224 2140 1274 una
2160 1238 2296 1274 cum
2315 1238 2452 1276 mea

249 1291 325 1345 ad
344 1292 596 1358 lingulas
615 1291 1001 1358 responsione,
1028 1299 1093 1345 ut
1118 1293 1255 1346 inde
1281 1292 1539 1358 plurima
1558 1293 1635 1345 ad
1653 1292 2129 1345 Astronomicum
2148 1296 2452 1359 negotium

249 1366 355 1416 rite
370 1363 761 1416 excolendum
775 1363 1032 1429 impense
1046 1364 1322 1417 facientia
1335 1364 1574 1417 uberius
1589 1364 1909 1430 cognoscat.
1925 1364 2104 1428 Quod
2117 1364 2159 1417 fi
2172 1380 2308 1430 quae
2321 1365 2452 1418 sunt

248 1434 433 1488 literae
464 1438 615 1488 inter
645 1435 772 1496 haS,
805 1451 1060 1500 quarum
1090 1435 1594 1500 transcriptionem
1623 1451 1660 1488 a
1687 1451 1783 1488 me
1811 1438 1974 1501 prius
2006 1451 2130 1489 non
2159 1436 2451 1489 obtinuisti
2504 1454 2546 1489 15

251 1506 435 1572 (quod
453 1506 659 1571 procul
679 1507 859 1559 dubio
878 1509 942 1559 in
962 1509 1050 1574 ijs,
1075 1523 1211 1572 quae
1230 1507 1439 1559 ultimo
1460 1510 1611 1559 inter
1629 1523 1740 1559 nos
1761 1509 1842 1559 cis
1863 1513 1918 1560 et
1937 1507 2092 1560 ultra
2109 1509 2284 1560 missae
2303 1507 2449 1569 sunt,

251 1577 551 1644 contingit)
584 1578 777 1631 licebit
807 1580 1010 1643 utique
1043 1585 1246 1644 aperto
1275 1578 1547 1631 fasciculo
1578 1594 1680 1631 eos
1708 1578 1988 1644 inspicere
2016 1579 2449 1645 perlegereque,

250 1655 353 1701 aut
373 1652 551 1702 etiam
569 1649 884 1710 transcribi,
904 1649 946 1701 fi
964 1649 1067 1703 tibi
1086 1652 1168 1702 ita
1186 1649 1374 1702 visum
1393 1649 1582 1712 fuerit,
1605 1665 1827 1712 curare,
1847 1650 2028 1703 modo
2045 1650 2241 1715 postea
2254 1650 2450 1704 rursus

251 1720 461 1773 eodem
486 1720 667 1773 modo
694 1727 1143 1786 componantur,
1172 1728 1395 1786 tuoque
1424 1721 1605 1787 sigillo
1632 1721 1831 1774 denuo
1856 1724 2219 1775 muniantur.
2240 1721 2451 1775 Valeat

249 1797 352 1845 tua
372 1791 747 1845 Generofitas
773 1808 910 1844 cum
934 1808 1121 1845 uxore
1148 1799 1203 1845 et
1227 1792 1423 1846 liberis
1448 1798 1688 1858 totaque
1715 1793 1894 1846 domo
1922 1809 2104 1858 quam
2122 1792 2448 1846 felicissime.
2499 1811 2546 1847 20

249 1862 378 1915 Nec
397 1862 600 1915 dubito
621 1866 765 1928 quin
790 1879 1005 1916 nervos
1026 1879 1234 1916 omnes
1259 1863 1592 1916 intensurus
1616 1863 1703 1926 fis,
1730 1870 1794 1916 ut
1819 1874 2111 1930 papyrum
2136 1864 2301 1917 illam
2326 1880 2449 1918 ma-

248 1940 377 1986 ture
398 1940 453 1986 et
471 1934 605 1987 satis
626 1934 922 1999 copiosam
941 1935 1257 1996 obtineam,
1279 1935 1433 1988 dabo
1454 1950 1715 2000 operam,
1735 1941 1799 1988 ut
1818 1937 1882 1987 in
1900 1938 2160 1988 nominis
2178 1938 2280 1997 tui,
2301 1935 2450 1989 alias

248 2020 353 2071 per
371 2005 427 2058 se
448 2005 605 2066 clari,
634 2005 1042 2067 celebratione,
1069 2006 1354 2071 liquidem
1379 2006 1542 2059 aliud
1567 2006 1839 2071 praertare
1862 2022 2175 2072 nequeam,
2201 2022 2298 2060 me
2324 2022 2450 2073 gra-

248 2078 517 2129 tissimum
550 2083 605 2129 et
636 2079 721 2129 tui
750 2077 1205 2130 studiofissimum
1237 2080 1524 2131 invenias
1559 2078 1778 2130 Iterum
1807 2084 1863 2131 et
1889 2084 2094 2144 terque
2125 2085 2450 2144 quaterque

248 2148 397 2201 vale.
419 2148 594 2201 Datae
615 2149 975 2215 Uraniburgi
995 2149 1090 2202 die
1110 2149 1183 2202 13.
1205 2149 1560 2215 Septembris
1580 2150 1762 2202 Anno
1783 2149 1928 2203 1588.
2499 2168 2546 2203 25

320 2290 480 2355 Quia
504 2306 645 2344 vero
676 2291 955 2357 expolitio
982 2298 1037 2344 et
1064 2291 1382 2345 declaratio
1410 2307 1683 2345 mearum
1710 2291 2123 2359 hypothesium
2149 2307 2181 2344 e
2206 2291 2329 2345 sola
2353 2292 2449 2345 de-

248 2362 568 2415 lineatione
594 2378 719 2415 non
745 2378 783 2415 a
808 2366 1019 2429 quovis
1045 2366 1126 2416 ita
1150 2363 1321 2416 facile
1346 2366 1677 2429 percipitur,
1706 2363 2007 2429 quoddam
2026 2363 2450 2416 Meehanicum

250 2434 557 2499 Organum
583 2433 826 2487 confieri
854 2450 926 2487 ex
953 2434 1251 2488 orichalco
1278 2437 1497 2496 curavi,
1526 2451 1645 2500 quo
1669 2437 1943 2487 circuitus
1962 2434 2342 2487 Planetarum
2362 2451 2448 2488 re-

247 2503 440 2570 speclu
459 2505 627 2567 Solis,
655 2512 710 2558 et
733 2506 907 2571 ipsius
928 2506 1081 2560 Solis
1101 2522 1170 2559 ac
1191 2507 1379 2559 Lunae
1400 2509 1554 2559 circa
1571 2506 1818 2559 Terram
1837 2506 2114 2559 manibus
2134 2509 2449 2572 circumagi

249 2576 685 2642 expeditiusque
715 2577 958 2643 intelligi
986 2578 1226 2643 possunt,
1256 2593 1360 2643 per
1389 2578 1550 2643 quod
1579 2580 1758 2631 etiam
1785 2577 1966 2630 dubia
1990 2577 2093 2630 illa
2118 2584 2244 2630 tum
2270 2578 2447 2631 PEU-
2497 2595 2544 2630 30

250 2647 428 2700 CERI
449 2654 577 2701 tum
600 2651 779 2701 etiam
798 2649 1358 2712 RULLENHAGIJ
1384 2649 1639 2701 facilime
1666 2652 2038 2711 extricantur,
2066 2649 2448 2714 quemadmo-

249 2719 392 2771 dum
416 2718 633 2773 harum
659 2719 950 2773 exhibitor
977 2720 1179 2785 (modo
1207 2727 1381 2785 caput
1406 2720 1721 2773 iuridicum
1746 2720 1907 2773 sacra
1927 2720 2173 2774 Uraniae
2195 2719 2297 2773 libi
2323 2719 2448 2773 dili-

248 2797 448 2855 genter
466 2791 599 2844 satis
619 2807 828 2857 capere
849 2798 904 2844 et
923 2794 1214 2844 memoria
1232 2794 1482 2844 retinere
1503 2798 1696 2857 queat,
1724 2792 1884 2856 quod
1904 2798 2171 2857 optarem
2191 2791 2447 2856 quidem,

248 2861 476 2926 sperare
506 2869 707 2915 autem
733 2866 834 2915 vix
862 2862 1112 2928 possum)
1136 2864 1239 2916 tibi
1267 2863 1501 2928 plenius
1531 2863 1807 2924 ostendet3
1837 2865 2004 2915 mitto
2031 2865 2192 2914 enim
2215 2862 2319 2915 tibi
2344 2878 2449 2928 per

250 2933 507 2985 eundem
532 2934 789 2986 eiusdem
814 2934 1146 3000 AEquatorij
1177 2935 1395 2995 Ideam,
1426 2950 1609 2999 quam
1636 2941 1701 2987 ut
1727 2934 1870 2987 boni
1899 2933 2166 2986 consulas
2195 2949 2355 2999 rogo.
2386 2933 2542 2993 Si·1-35

251 3003 679 3058 GERARDUS
711 3005 869 3058 filius
899 3012 1037 3058 tuus
1067 3005 1185 3058 huc
1212 3007 1461 3067 venisset,
1493 3021 1597 3071 per
1628 3020 1814 3058 unam
1844 3005 2046 3058 saltem
2073 3004 2169 3057 vel
2200 3004 2447 3058 alteram

249 3073 477 3136 horam,
498 3082 821 3141 antequam
836 3079 943 3129 iter
956 3077 1127 3130 suum
1141 3077 1216 3130 ad
1230 3084 1285 3130 te
1301 3078 1524 3138 direxit,
1545 3079 1749 3142 utique
1762 3083 1889 3129 tum
1904 3076 2051 3137 haec‚
2071 3083 2198 3128 tum
2212 3075 2331 3128 alia
2344 3075 2447 3141 ipsi

249 3145 461 3198 melius
488 3153 543 3199 et
567 3146 875 3211 perfec'tius
901 3148 1003 3201 tibi
1028 3148 1336 3201 referenda
1358 3148 1512 3213 (cum
1536 3148 1600 3201 lit
1618 3147 2039 3214 ingeniosulus)
2061 3147 2444 3200 declarassem.

250 3216 390 3282 Petij
420 3222 506 3268 ter
531 3217 626 3269 vel
653 3225 859 3283 quater
883 3219 1133 3284 idipsum
1158 3219 1305 3272 serio
1332 3220 1406 3273 ab
1435 3235 1505 3272 eo
1534 3235 1639 3284 per
1666 3219 1880 3281 literaS,
1907 3234 2116 3271 verum
2144 3220 2194 3270 is
2222 3217 2447 3283 semper

250 3289 484 3353 negotia
505 3287 719 3352 (nescio
734 3289 892 3354 quae)
913 3290 1327 3355 praetendebat.
1349 3291 1428 3343 At
1441 3290 1831 3343 nihilominus
1843 3296 2074 3343 tantum
2086 3289 2172 3341 illi
2185 3288 2444 3354 suppete-
2494 3304 2541 3340 40

249 3358 348 3411 bat
374 3361 493 3425 otij,
521 3366 584 3411 ut
610 3359 812 3425 ijsdem
838 3361 1042 3414 diebus
1068 3364 1287 3427 nuptiJ‘s
1310 3361 1902 3423 LandskronenfibuS‚
1929 3360 2079 3413 nihil
2104 3361 2180 3413 ad
2199 3360 2254 3412 se
2275 3361 2444 3483 pgrti-

2153 3433 2316 3483 nenti
2356 3445 2443 3491 uS,
