2632 4022
298 1005 629 1118 QUAE
670 1005 1281 1097 SEPTIMO
1325 1005 1746 1097 TOMO
1795 1004 2280 1096 CONTI-

983 1131 1086 1221 Ν
1098 1130 1600 1222 ENTUR.

2261 1210 2353 1254 Pag.

186 1268 448 1334 Epistola
468 1268 544 1320 ad
565 1267 896 1323 Iohannem
916 1269 1387 1334 Aalburgensem
1407 1269 1463 1320 14
1485 1269 1608 1320 Ian.
1630 1269 1758 1321 1568
1771 1309 2174 1321 ............
2357 1270 2389 1321 3

292 1368 363 1374 -
470 1341 546 1392 ad
566 1341 871 1392 Andream
891 1340 1187 1392 Velleium
1206 1340 1264 1392 18
1284 1340 1431 1391 Mai.
1453 1341 1568 1392 1571
1594 1381 2174 1392 .................
2297 1340 2389 1394 3-5

298 1440 359 1445 ——
472 1411 545 1464 ab
568 1412 943 1478 Hieronymo
962 1410 1188 1463 Wolfio
1209 1411 1265 1462 13
1287 1412 1440 1463 Nov.
1462 1412 1578 1464 1571
1595 1452 2174 1464 .................
2297 1413 2389 1466 5-7

291 1511 362 1517 -—
470 1483 544 1535 ab
565 1482 833 1535 Iohanne
854 1483 1117 1535 Pratensi
1137 1484 1170 1535 7
1191 1483 1339 1534 Mai.
1361 1483 1490 1535 1572
1524 1523 2175 1535 ...................
2297 1484 2391 1536 7·8

295 1583 355 1588 -
471 1554 547 1606 ad
567 1553 899 1606 Iohannem
919 1554 1260 1606 Pratensem
1280 1554 1337 1606 17
1358 1553 1505 1606 Mai.
1527 1554 1656 1607 1572
1667 1595 2175 1606 ...............
2262 1555 2391 1607 9-10

292 1654 362 1659 —
471 1625 544 1678 ab
566 1625 835 1678 Iohanne
854 1626 1118 1678 Pratensi
1138 1626 1196 1677 16
1215 1625 1357 1690 Apr.
1379 1624 1505 1678 1573
1522 1666 2174 1678 ...................
2233 1626 2391 1678 10-12

291 1726 362 1731 —
470 1697 544 1749 ab
565 1696 834 1749 Iohanne
855 1697 1092 1749 Maiore
1112 1698 1133 1748 1
1154 1697 1260 1749 Iul.
1283 1696 1412 1749 1573
1452 1737 2175 1749 .....................
2233 1697 2390 1749 13-14

292 1797 362 1803 —
509 1784 546 1820 a
566 1768 752 1821 Paulo
773 1768 1117 1821 Haintzelio
1137 1769 1195 1820 10
1215 1768 1392 1820 Mart.
1414 1768 1542 1821 1574
1559 1809 2174 1821 ..................
2233 1769 2390 1822 14-15

295 1869 358 1873 -
471 1839 545 1891 ab
567 1840 942 1906 Hieronymo
961 1839 1187 1891 Wolfio
1208 1840 1241 1892 7
1261 1840 1439 1892 Mart.
1462 1840 1589 1892 1575
1630 1880 2173 1892 ................
2233 1841 2391 1892 15-18

295 1940 358 1944 -
449 1910 545 1975 (ab
567 1911 846 1964 Oswaldo
884 1910 1385 1963 Schreckenfuxio
1424 1911 1499 1963 ad
1538 1911 1980 1977 Hieronymum
2012 1911 2176 1963 Wol-

565 1982 713 2034 fium
733 1983 753 2034 1
774 1983 952 2035 Mart.
974 1982 1125 2047 1575)
1132 2023 2175 2035 ..............................
2328 1983 2391 2035 18

292 2082 363 2087 -
509 2069 547 2106 a
566 2054 753 2106 Paulo
773 2053 1116 2106 Haintzelio
1137 2054 1182 2106 11
1203 2054 1379 2106 Mart.
1401 2054 1528 2106 1575
1558 2095 2174 2107 ..................
2232 2055 2391 2107 19-20

294 2154 363 2159 —
472 2125 546 2177 ab
566 2125 835 2178 Iohanne
856 2125 1200 2178 Haintzelio
1219 2125 1263 2177 11
1283 2125 1461 2177 Mart.
1483 2126 1610 2178 1575
1631 2166 2175 2178 ................
2321 2126 2384 2177 21

292 2225 363 2230 —-
509 2212 546 2249 a
567 2196 828 2262 Georgio
849 2196 1219 2249 Buchanano
1240 2197 1273 2249 6
1293 2197 1435 2261 Apr.
1457 2197 1585 2249 1575
1596 2237 2175 2249 .................
2227 2197 2391 2248 21-22

293 2296 363 2301 -
472 2268 546 2320 ab
567 2267 837 2320 Iohanne
858 2269 1121 2320 Pratensi
1141 2268 1198 2320 31
1219 2268 1341 2320 Ian.
1364 2268 1492 2321 1576
1523 2309 2174 2320 ...................
2225 2268 2389 2320 23-24

292 2368 363 2372 -
471 2339 547 2391 ad
567 2339 901 2392 Iohannem
919 2340 1260 2392 Pratensem
1280 2340 1336 2391 14
1358 2339 1521 2392 Febr.
1544 2340 1672 2392 1576
1701 2380 2174 2392 ..............
2225 2340 2390 2392 25-29

298 2439 360 2444 ——
473 2411 547 2463 ab
568 2410 837 2464 Iohanne
857 2411 1121 2464 Pratensi
1141 2412 1197 2464 15
1219 2411 1382 2463 Febr.
1405 2411 1534 2464 1576
1559 2452 2175 2463 ..................
2227 2411 2384 2463 30-31

293 2511 364 2516 -
472 2482 546 2535 ab
567 2482 833 2535 Henrico
854 2483 1104 2535 Brueaeo
1124 2483 1181 2534 14
1202 2483 1349 2534 Mai.
1371 2483 1500 2535 1576
1522 2523 2174 2535 ...................
2226 2482 2389 2534 33-34

295 2583 362 2587 ——
510 2569 547 2606 a
568 2553 790 2606 Carolo
810 2554 1081 2606 Danzaeo
1102 2554 1171 2606 26
1191 2554 1319 2606 Iun.
1343 2554 1471 2606 1576
1487 2594 2174 2606 ....................
2320 2553 2390 2606 34

296 2654 359 2658 -
510 2641 548 2677 a
568 2625 789 2678 Carolo
810 2625 1082 2678 Danzaeo
1108 2626 1170 2677 14
1191 2625 1298 2677 Iul.
1320 2626 1448 2678 1576
1489 2665 2174 2677 ....................
2321 2625 2389 2677 35

293 2725 364 2731 -—
472 2696 545 2749 ab
567 2696 836 2749 Iohanne
858 2697 1093 2749 Maiore
1113 2697 1147 2748 2
1167 2697 1318 2762 Aug.
1341 2697 1470 2749 1576
1488 2737 2173 2749 ....................
2225 2695 2390 2748 35-36

293 2796 364 2801 —
511 2783 549 2819 a
567 2767 874 2820 Thaddaeo
895 2768 1163 2833 Hagecio
1183 2768 1251 2819 23
1272 2769 1423 2833 Aug.
1446 2768 1574 2820 1576
1593 2808 2173 2820 .................
2225 2767 2391 2820 37-38

294 2867 364 2872 -
473 2839 549 2891 ad
569 2839 805 2891 Petrum
826 2839 1091 2892 Severini
1110 2839 1143 2891 3
1164 2839 1316 2904 Sept.
1338 2839 1467 2892 1576
1486 2879 2174 2891 ....................
2226 2838 2391 2891 38-40

295 2938 365 2943 —
512 2926 549 2962 a
570 2910 791 2963 Carolo
812 2911 1082 2963 Danzaeo
1103 2911 1160 2963 17
1181 2911 1335 2962 Nov,
1358 2911 1486 2963 1576
1523 2951 2173 2962 ...................
2225 2910 2383 2961 40-41

294 3010 365 3014 —
473 2981 550 3032 ad
570 2981 941 3034 Ioachimum
962 2981 1377 3034 Camerarium
1397 2982 1454 3033 21
1475 2981 1629 3034 Nov.
1652 2982 1780 3035 1576
1808 3023 1818 3033 .
1844 3023 1855 3034 .
1879 3022 1890 3034 .
1915 3022 1926 3033 .
1951 3022 1962 3033 .
1987 3022 1997 3033 .
2022 3022 2033 3033 .
2058 3022 2068 3033 .
2093 2996 2104 3034 ;
2128 3022 2139 3033 .
2163 3023 2174 3033 .
2320 2980 2390 3032 42

295 3081 366 3085 -
474 3051 548 3104 ab
569 3052 835 3105 Henrico
856 3053 1106 3105 Brucaeo
1126 3053 1160 3105 8
1180 3053 1322 3105 Dec.
1344 3053 1473 3106 1576
1489 3093 2174 3105 ....................
2226 3052 2390 3103 43-44

296 3152 366 3156 -
513 3139 550 3175 a
570 3123 827 3176 Stenone
848 3123 1013 3176 Bilde
1034 3124 1066 3176 3
1087 3124 1235 3176 Mai.
1257 3125 1384 3177 1577
1417 3165 2174 3176 ......................
2320 3124 2389 3176 45

296 3222 366 3228 —
474 3194 551 3246 ad
570 3195 913 3247 Academiae
940 3194 1289 3247 Hafniensis
1315 3195 1621 3247 Rectorem
1647 3202 1702 3247 et
1726 3195 2091 3247 Professores
2120 3195 2177 3247 21

570 3265 717 3318 Mai.
739 3267 867 3319 1577
884 3307 2174 3319 .....................................
2226 3266 2391 3319 45-46

476 3336 549 3389 ab
571 3336 840 3389 Iohanne
861 3337 1097 3389 Maiore
1117 3338 1187 3390 20
1207 3338 1359 3403 Sept.
1382 3339 1508 3391 1577
1525 3379 2175 3391 ...................
2226 3337 2390 3390 46-47

334 3431 355 3464 ω
297 3365 367 3370 Ι

358 3430 380 3464 ω
