2644 4030
262 287 367 339 206
795 283 1233 337 EPISTOLAE
1258 282 1927 338 ASTRONOMICAE

263 428 422 492 quod
444 442 537 479 res
559 426 681 491 ipsa
702 442 826 478 non
851 425 1179 491 postularet,
1206 428 1270 477 in
1294 426 1558 478 medium
1582 426 1887 491 protulisse‚
1913 426 2009 479 sed
2028 430 2257 481 veritati
2279 429 2458 482 nudae

261 497 698 563 patefaciendae,
730 504 1019 562 quantum
1047 500 1109 548 in
1137 512 1233 549 me
1264 503 1403 557 erat,
1431 496 1706 550 studuisse.
1741 497 1919 561 Quod
1946 498 1988 550 si
2015 501 2334 564 quicquam
2363 515 2458 552 ex-

262 571 514 634 cogitare
540 571 772 633 poteris,
800 569 960 632 quod
986 568 1062 620 ad
1087 574 1219 619 tuas
1245 568 1575 620 assertiones
1600 568 1969 621 stabiliendas
1994 569 2185 631 faciat,
2212 586 2336 623 non
2359 573 2458 623 eti-

262 656 361 692 am
380 640 439 691 id
459 642 522 691 in
546 642 664 691 mei
690 642 938 704 gratiam
963 641 1327 691 intermittas.
1355 638 1568 704 Neque
1593 642 1753 691 enim
1772 639 1812 691 fi
1832 639 1981 692 mihi
2001 656 2376 706 quacumque
2395 644 2459 694 in

261 718 423 776 parte
447 712 881 775 repugnaveris,
909 712 1167 762 amicitia
1186 709 1378 762 nostra
1396 717 1707 775 propterea
1726 710 2022 763 ullatenus
2042 712 2353 765 vacillabit.
2373 712 2458 765 Te
2508 728 2531 764 ⁵

261 789 363 834 tua
382 784 548 842 tueri,
574 788 629 833 et
650 782 782 832 licet
803 787 858 833 et
878 781 1056 833 decet.
1079 781 1226 833 Vide
1246 780 1465 841 saltem,
1493 788 1556 833 ut
1581 781 1713 834 satis
1733 782 1889 834 iustis
1909 785 2228 848 ratiociniis
2249 790 2304 835 et
2324 799 2459 836 con-

261 852 692 904 firmationibus
718 852 777 904 id
803 867 959 917 agaS.
991 851 1169 916 Quod
1196 851 1776 906 MAESTHLINUM
1803 853 1877 905 ob
1909 857 2200 919 egregiam
2225 854 2458 907 Mathe-

260 931 488 976 matum
507 925 778 988 peritiam
797 926 860 975 in
879 925 1066 987 pretio
1086 923 1286 983 habeS,
1308 923 1458 975 adeo
1478 930 1542 975 ut
1561 923 1881 976 secundum
1895 940 1931 976 a
1944 924 2360 978 PRAETORIO
2373 928 2460 977 in-

259 1002 346 1047 ter
361 994 698 1047 Germanos
719 994 986 1054 colloceS,
1007 992 1159 1046 recte
1179 994 1338 1055 faciS‚
1361 997 1558 1060 eximij
1581 995 1739 1047 illius
1755 997 1867 1047 viri
1887 1003 1941 1047 et
1961 993 2256 1048 doc'tissimi
2270 996 2459 1048 Astro-

260 1069 426 1119 nomi
446 1068 751 1130 ingenium
771 1073 947 1130 atque
970 1065 1312 1117 industriam
1331 1065 1526 1118 debita
1551 1066 1728 1118 laude
1753 1066 2176 1131 prosequendo.
2198 1067 2298 1119 An
2316 1082 2459 1120 vero
2512 1082 2555 1118 ιο

260 1140 309 1189 is
332 1140 557 1202 primus
578 1144 713 1189 ante
733 1136 1243 1196 PRAETORIUM,
1271 1151 1350 1189 an
1368 1153 1511 1189 vero
1532 1137 1819 1189 secundus
1839 1138 1913 1190 ab
1932 1138 2036 1190 illo
2056 1138 2460 1191 numerandus

260 1209 339 1269 fit,
371 1224 477 1273 ego
506 1224 630 1260 non
658 1208 905 1261 libenter
933 1209 1197 1261 dixerim.
1233 1207 1321 1260 Est
1351 1211 1511 1260 enim
1540 1215 1786 1273 uterque
1816 1211 1879 1260 in
1910 1209 2348 1262 Mathematicis
2376 1209 2460 1261 so-

260 1279 376 1332 lide
395 1279 671 1340 versatuS‚
701 1286 755 1332 et
782 1279 959 1332 ambo
985 1279 1202 1331 iudicio
1224 1282 1343 1332 acri
1363 1286 1539 1344 atque
1559 1279 1796 1332 scientia
1817 1279 2131 1345 perspicaci
2152 1280 2459 1334 excellunt.

261 1350 810 1404 MAESTHLINUS
830 1346 1065 1419 tamenn
1080 1350 1533 1408 Astronomiam,
1556 1367 1690 1416 quae
1709 1354 1979 1403 omnium
1997 1354 2213 1404 artium
2226 1351 2459 1404 Mathe·
2503 1358 2556 1403 9r

260 1425 612 1474 maticarum
625 1422 847 1487 Regina
867 1422 957 1483 est,
980 1425 1074 1474 cui
1092 1424 1269 1474 etiam
1283 1422 1530 1486 reliquae
1546 1422 1915 1484 ancillantur,
1936 1422 2069 1487 plus
2091 1423 2357 1475 excolere
2378 1430 2458 1475 at·
2513 1438 2555 1474 1⁵

262 1509 376 1557 que
398 1509 434 1545 a
453 1493 682 1545 mendis
702 1509 951 1559 purgare
971 1493 1216 1553 laborat,
1239 1509 1374 1545 cum
1394 1493 1854 1547 PRAETORIUS
1876 1494 2124 1559 idipsum
2144 1501 2270 1546 tum
2285 1493 2361 1546 ob
2374 1496 2460 1546 in-

260 1564 712 1617 strumentorum
727 1572 782 1617 et
796 1565 1051 1617 aliorum
1067 1565 1565 1617 adminiculorum
1579 1563 1884 1626 defectum,
1899 1573 2026 1617 tum
2041 1568 2219 1617 etiam
2234 1565 2308 1618 ob
2324 1581 2460 1618 ocu-

260 1636 457 1687 lorum
484 1638 683 1688 minus
711 1636 947 1688 firmam
975 1635 1375 1688 valetudinem
1407 1636 1493 1700 (ut
1521 1635 1760 1701 ipsemet
1787 1636 1967 1689 literis
1998 1635 2073 1688 ad
2102 1652 2198 1688 me
2227 1651 2352 1688 non
2380 1639 2462 1688 ita

262 1707 488 1759 dudum
501 1707 824 1771 perscriptis
837 1706 1071 1770 fatetur)
1088 1707 1191 1759 tali
1206 1722 1387 1771 opera
1400 1707 1767 1772 supersedere
1782 1714 2037 1773 cogatur.
2059 1707 2305 1760 Utinam
2318 1723 2460 1760 vero

262 1777 765 1831 MAESTHLINO
792 1778 925 1830 satis
950 1778 1133 1830 solida
1160 1784 1214 1830 et
1240 1776 1498 1831 correcta
1521 1794 1646 1830 non
1669 1779 1914 1831 deessent
1933 1794 2172 1844 organa,
2198 1779 2375 1843 idque
2398 1781 2461 1831 in
2510 1794 2557 1830 20

261 1849 464 1913 aliqua
489 1852 676 1914 copia,
706 1855 759 1901 et
783 1849 1045 1913 sumptus
1072 1851 1376 1914 otiumque
1402 1849 1488 1901 illi
1513 1850 1895 1915 suppeterent,
1923 1850 2277 1915 sperandum
2295 1849 2460 1911 foret,

261 1920 449 1984 ipsum
475 1920 699 1985 aliquid
727 1923 934 1986 egregij
964 1923 1028 1972 in
1053 1920 1165 1972 hac
1191 1920 1423 1972 sublimi
1447 1921 1684 1973 scientia
1706 1921 1901 1973 moliri
1920 1922 2087 1986 posse.
2113 1922 2192 1973 At
2213 1936 2349 1973 cum
2368 1921 2460 1973 his

260 1990 518 2056 subfidijs
543 2007 667 2043 non
693 1994 789 2052 ita,
819 1994 905 2044 uti
931 2007 1080 2056 opus
1108 1992 1250 2052 esset,
1280 1990 1583 2044 instruc'tus
1612 1991 1675 2044 fit
1704 1992 1869 2057 (nam
1897 1992 2293 2052 instrumenta,
2325 2008 2460 2057 quae

261 2060 544 2114 hadtenus
570 2062 740 2114 illum
765 2061 1019 2115 habuisse
1047 2078 1120 2114 ex
1144 2062 1362 2127 scriptis
1388 2065 1515 2115 eius
1541 2063 1768 2129 collig0‚
1795 2070 1959 2115 tanto
1981 2065 2217 2129 negotio
2237 2065 2343 2116 rite
2364 2079 2459 2116 ex-

262 2134 534 2198 equendo
554 2149 939 2199 nequaquam
957 2133 1090 2186 satis
1110 2134 1328 2186 idonea
1347 2141 1403 2186 et
1421 2133 1767 2186 sufficientia
1789 2134 1940 2198 sunt)
1961 2150 2086 2186 non
2103 2134 2294 2194 vide0‚
2316 2150 2460 2199 quo·
2509 2149 2557 2186 2⁵

260 2205 440 2256 modo
466 2211 588 2257 tam
615 2207 833 2257 eximio
860 2205 1049 2257 labori
1074 2205 1150 2257 ad
1177 2212 1443 2270 optatum
1462 2205 1644 2258 finem
1665 2205 2010 2258 deducendo
2029 2221 2137 2270 par
2157 2206 2260 2257 esse
2279 2206 2460 2270 possit;

261 2282 522 2328 attamen
535 2278 598 2328 in
611 2278 840 2341 magnis
853 2276 1088 2328 voluisse
1102 2276 1184 2328 sat
1199 2276 1290 2338 est,
1312 2283 1366 2328 et
1379 2283 1444 2329 ut
1457 2276 1555 2329 ille
1570 2277 1785 2329 aiebat:
1812 2274 1944 2341 »Est
1961 2275 2198 2343 aliquid
2206 2275 2461 2344 prodire
2510 2279 2539 2323 ‘1‘

263 2349 463 2409 tenus,
473 2345 524 2413 fi
531 2362 657 2400 non
673 2349 859 2400 datur
871 2349 1085 2400 astra«.
1102 2347 1417 2413 Subiungis
1431 2348 1696 2412 proinde,
1710 2355 1766 2400 te
1782 2348 1841 2401 id
1854 2348 2056 2400 saltem
2070 2364 2229 2400 nunc
2242 2347 2461 2400 habere

260 2417 419 2470 bona
438 2434 574 2470 mea
595 2425 648 2470 et
669 2419 1143 2472 MAESTHLINI
1169 2434 1314 2483 pace
1337 2419 1669 2480 dicendum,
1697 2420 1857 2484 quod
1883 2421 2033 2471 ratio
2052 2426 2326 2471 motuum
2346 2418 2460 2472 Co-

260 2495 553 2542 metarum
585 2492 647 2541 in
679 2489 1026 2556 hypothesin
1058 2490 1323 2555 aliquam
1356 2491 1523 2556 dirigi
1553 2498 1826 2555 nequeat,
1862 2490 2367 2555 quemadmodum
2397 2492 2461 2543 in
2504 2505 2557 2542 ,3ο

261 2560 516 2613 Planetis
541 2560 670 2613 fieri
695 2562 890 2626 potest,
919 2577 991 2614 eo
1019 2562 1178 2626 quod
1199 2561 1577 2614 Planetarum
1596 2569 1792 2614 motus
1812 2564 2019 2627 integri
2039 2561 2146 2613 sint
2163 2561 2460 2614 mensura-

260 2631 422 2692 biles,
445 2638 499 2684 et
520 2633 822 2697 quomodo
843 2633 1124 2685 accedant
1142 2634 1535 2697 recedantque
1555 2631 1814 2698 respectu
1834 2633 2002 2693 Solis,
2023 2639 2235 2698 pateat.
2257 2633 2326 2685 In
2346 2631 2461 2686 Co-

261 2706 431 2755 metis
457 2711 673 2765 autem,
701 2720 837 2756 cum
862 2720 986 2756 non
1012 2706 1266 2769 integras
1291 2704 1594 2756 absolvant
1618 2704 1909 2769 periodOS,
1935 2719 2131 2768 neque
2155 2712 2311 2756 certa
2335 2703 2461 2769 lege

262 2774 385 2827 Soli
405 2777 881 2840 appropinquent
898 2782 954 2827 et
970 2776 1043 2828 ab
1059 2791 1131 2827 eo
1147 2777 1531 2840 expatientur,
1553 2775 1806 2827 insolens
1820 2775 1922 2827 tibi
1935 2775 2165 2827 videtur
2178 2774 2322 2827 iusta
2334 2775 2461 2840 lege

263 2861 470 2897 eorum
483 2853 679 2898 motus
694 2846 1018 2912 astringere.
1039 2847 1223 2911 Atqui
1237 2846 1350 2907 hic,
1366 2844 1570 2899 dilecte
1584 2846 2025 2906 THADDAEE,
2040 2861 2164 2898 non
2177 2845 2309 2898 satis
2324 2861 2460 2898 con·
2509 2862 2556 2898 3⁵

262 2916 519 2975 siderate,
542 2933 676 2982 quae
697 2919 759 2969 in
779 2917 928 2970 libro
942 2918 1045 2970 illo
1059 2933 1196 2969 meo
1210 2920 1363 2970 circa
1376 2917 1490 2970 hoc
1504 2917 1692 2982 ipsum
1705 2920 2005 2982 negotium
2019 2916 2253 2982 protuli,
2274 2918 2460 2969 anim-

263 2987 556 3039 advertisse
578 2994 633 3040 et
653 2989 976 3053 expendisse
995 2988 1145 3040 mihi
1164 2989 1396 3050 videriS‚
1423 2988 1707 3053 siquidem
1732 2988 1849 3041 illic
1874 2988 1988 3040 hoc
2013 2987 2260 3041 dubium
2280 2994 2335 3040 et
2354 2990 2459 3040 im-

262 3058 636 3122 possibilitatis
653 3059 1037 3124 suspicionem
1053 3059 1403 3112 sufficienter
1419 3060 1627 3112 resolvi
1646 3066 1823 3124 atque
1843 3062 2060 3120 amovi,
2080 3061 2203 3111 imo
2223 3058 2462 3124 ipsemet

263 3143 366 3193 per
386 3128 732 3194 hypothesin
752 3133 815 3182 in
835 3131 937 3183 illo
959 3131 1210 3183 Cometa
1230 3129 1553 3184 extructam
1573 3132 1632 3183 id
1652 3130 1780 3183 fieri
1799 3132 1949 3196 posse
1968 3129 2310 3190 luculenter,
2334 3138 2459 3182 tan-

265 3214 445 3263 quam
465 3203 528 3251 in
548 3202 837 3265 exemplo,
859 3202 1094 3254 ostendi.
1116 3202 1326 3255 Fateor
1346 3202 1602 3267 quidem,
1625 3202 1904 3255 Cometas
1924 3202 2196 3254 rarissime
2216 3200 2311 3253 vel
2330 3203 2459 3253 uni·
2508 3217 2556 3252 40

265 3285 396 3321 cam
421 3286 526 3334 per
550 3278 738 3323 totum
765 3272 983 3324 coelum
1009 3273 1441 3325 revolutionem
1465 3279 1632 3325 motu
1656 3275 1895 3338 proprio
1922 3272 2236 3333 absolvere,
2265 3286 2460 3336 neque

263 3340 487 3406 semper
508 3341 707 3394 Solem
732 3343 906 3395 instar
928 3346 1126 3405 centri,
1153 3351 1218 3396 ut
1242 3344 1455 3409 reliqui
1473 3344 1750 3404 Planetae,
1776 3343 2073 3409 respicere,
2099 3343 2353 3465 ideochue
2377 3342 2460 3395 di-

2156 3428 2255 3479 gre
2292 3429 2461 3466 iones
