2632 4022
271 298 375 350 360
803 294 1242 348 EPISTOLAE
1267 294 1939 348 ASTRONOMICAE

271 453 475 490 corum
502 437 794 501 descriptis
820 437 1158 501 adiungam,
1185 437 1515 489 mutuando
1538 439 1657 489 mei
1678 437 1982 502 quondam
2003 438 2265 503 discipuli
2285 439 2470 492 obser-

270 511 536 561 vationes
556 514 732 571 atque
754 523 855 559 eas
874 507 1008 559 loco
1027 522 1301 560 mearum
1320 507 1675 573 usurpando,

341 579 495 643 Quae
516 578 582 630 cl.
605 578 702 630 ille
723 577 1135 631 PEUCERUS
1153 578 1257 630 tibi
1280 579 1351 631 de
1375 578 1488 631 hac
1509 578 1739 632 Crinita
1763 594 1867 645 per
1892 579 2090 633 literas
2115 580 2471 646 significavit,

269 649 418 701 nihil
437 649 620 700 ferme
641 649 716 701 ad
736 665 863 701 rem
887 649 1128 710 faciunt,
1154 649 1352 703 nullas
1372 652 1532 702 enim
1552 650 1729 703 habet
1749 650 2199 713 observationes.
2228 667 2364 717 quae
2390 653 2472 705 lo-

270 737 405 773 cum
433 723 557 772 eius
585 726 968 785 apparentem
997 721 1266 785 prodant,
1296 721 1519 773 nedum
1545 736 1681 786 quae
1706 721 2116 775 Parallaxibus
2145 724 2472 776 enodandis

268 791 571 852 sufficiant,
593 794 714 843 imo
735 807 811 843 ne
833 791 1073 857 quidem
1094 792 1251 844 diem
1270 790 1494 845 rectum
1514 799 1776 854 annotat,
1798 809 1918 858 quo
1938 793 2109 846 illum
2127 794 2352 855 viderit,
2374 811 2472 848 ne-

269 879 383 928 que
404 863 505 915 ista
524 865 779 915 invicem
800 869 1146 928 congruunt,
1172 864 1332 929 quod
1352 863 1428 917 ab
1447 866 1616 917 initio
1637 865 1805 926 dicat,
1827 864 1882 917 se
1902 863 2105 918 saltem
2123 866 2213 918 bis
2233 881 2372 918 eum
2391 869 2472 918 vi-

269 935 398 986 disse
418 937 481 986 in
501 933 812 986 Asterismo
833 934 999 987 Ursae
1019 937 1263 987 maioris
1284 943 1340 987 et
1358 935 1555 999 postea
1574 939 1729 988 circa
1753 935 1936 988 finem
1962 935 2286 1002 subiungat‚
2314 939 2474 1002 quod

269 1023 304 1058 a
338 1005 602 1070 Capellae
636 1012 691 1057 et
723 1005 1060 1058 Haedorum
1090 1005 1270 1059 fidere
1303 1022 1428 1059 non
1459 1007 1666 1072 procul
1699 1006 2031 1069 constiterit;
2065 1008 2129 1060 hi
2162 1011 2322 1060 enim
2355 1009 2474 1061 duo

268 1076 540 1129 asterismi
560 1077 714 1129 ultra
735 1077 1149 1130 duodecimam
1171 1077 1306 1130 coeli
1326 1084 1555 1142 partem
1574 1081 1725 1130 inter
1744 1078 1799 1130 se
1821 1078 2041 1131 distant.
2070 1078 2281 1143 Qualis
2301 1082 2474 1145 igitur

269 1148 466 1213 quaeso
486 1148 615 1200 haec
636 1148 809 1200 fuerit
830 1149 1154 1201 observatio
1176 1152 1354 1202 etiam
1375 1164 1448 1201 ex
1467 1148 1590 1201 solo
1606 1149 1732 1202 visu
1751 1148 1965 1215 petita?
1985 1150 2092 1203 Ista
2105 1153 2278 1216 igitur
2292 1151 2474 1204 otiosa

269 1226 323 1272 et
342 1222 644 1271 mentione
665 1220 906 1285 indigna
925 1223 1011 1272 uti
1029 1219 1211 1282 fuere,
1232 1223 1314 1273 ita
1335 1223 1513 1274 etiam
1531 1236 1693 1273 nunc
1712 1220 1834 1283 fint,
1855 1221 2278 1287 relinquamus,
2301 1218 2322 1290 ΙΙ

342 1291 595 1343 Gaudeo
626 1298 681 1343 et
710 1290 1163 1357 praestantissimo
1192 1291 1278 1344 illi
1305 1292 1379 1344 D.
1403 1292 1702 1346 CURTIO
1730 1295 2034 1345 communi
2060 1296 2254 1346 amico
2280 1293 2473 1346 nostro

269 1362 657 1428 congratulor,
689 1363 848 1427 quod
878 1363 1170 1415 Sextantis
1198 1363 1647 1416 instrumentum
1673 1380 1747 1416 ex
1773 1363 2014 1417 officina
2038 1364 2476 1430 Lantgraviana

269 1435 515 1498 adeptus
541 1434 620 1494 fit,
649 1450 770 1499 quo
796 1434 1049 1487 fiderum
1071 1436 1538 1500 intercapedines
1558 1434 1939 1488 infallibiliter
1958 1439 2162 1488 rimari
2181 1437 2356 1501 possit.
2384 1436 2474 1488 Est

268 1506 474 1570 procul
500 1506 679 1557 dubio
706 1506 782 1558 ad
807 1508 1198 1558 imitationem
1219 1506 1521 1559 cuiusdam
1542 1522 1615 1560 ex
1634 1509 1783 1559 meis
1805 1504 2041 1567 saecum,
2070 1522 2189 1572 quo
2215 1522 2320 1572 per
2346 1510 2474 1559 uni-

270 1593 405 1629 cum
435 1576 866 1629 observatorem
896 1577 1179 1630 distantiae
1207 1577 1637 1639 mensurantur,
1667 1578 1799 1631 licet
1828 1578 2105 1630 nonnihil
2133 1581 2350 1631 maiori
2375 1595 2474 1631 ne-

268 1651 425 1714 gotio
453 1663 633 1712 quam
659 1648 791 1714 alijs
818 1648 1208 1710 SextantibuS‚
1237 1652 1339 1714 qui
1365 1649 1516 1702 duos
1541 1652 1849 1714 requirunt
1875 1649 2286 1710 collimatores,
2315 1650 2475 1715 quod

269 1719 309 1771 fi
328 1719 401 1771 fic
422 1719 512 1781 est,
540 1719 717 1772 habet
737 1720 982 1772 rimulas
1002 1723 1168 1773 iuxta
1188 1727 1455 1773 centrum
1473 1721 1767 1786 prioribus
1787 1721 2139 1787 pinnacidijs
2160 1721 2475 1786 parallelas

270 1798 324 1843 et
354 1791 697 1843 divisionem
728 1806 832 1856 per
860 1790 1078 1856 puncta
1106 1791 1510 1845 transversalia
1541 1792 1712 1845 nobis
1744 1792 2030 1854 usitatam,
2063 1799 2203 1845 tunc
2236 1808 2474 1858 quoque

268 1862 538 1923 fulcrum,
567 1866 734 1914 cuius
754 1862 1042 1915 beneficio
1063 1866 1126 1915 in
1146 1879 1388 1915 omnem
1407 1864 1716 1928 planitiem
1734 1863 1934 1916 versus
1954 1863 2333 1929 quascunque
2354 1864 2474 1917 stel-

268 1934 355 1986 las
386 1934 695 1986 commode
726 1934 894 1999 dirigi
924 1941 1122 1999 queat:
1154 1938 1317 1999 atqui
1347 1935 1476 1988 haec
1496 1934 1908 1988 VITICHIUS
1934 1935 2289 2001 Lantgravio
2316 1936 2475 2001 apud

268 2020 362 2056 me
383 2004 503 2057 visa
522 2006 958 2069 praeordinavit.
977 2006 1201 2058 Verum
1222 2006 1461 2070 ipsemet
1481 2007 1757 2072 Princeps
1777 2006 1909 2059 loco
1930 2006 2205 2067 cochleae,
2228 2023 2347 2072 qua
2367 2022 2475 2072 ego

268 2076 604 2143 inflaxando
616 2077 711 2128 vel
723 2074 1075 2129 coarctando
1090 2077 1456 2130 instrumenti
1467 2077 1687 2143 angulo
1699 2085 1832 2130 utor
1847 2078 2053 2143 (quam
2064 2077 2475 2132 VITICHIUS

268 2148 527 2200 indicare
559 2148 918 2213 neglexerat)
953 2148 1289 2201 catenulam
1321 2149 1527 2202 rotulis
1559 2148 1952 2202 inhaerentem
1984 2149 2220 2202 addidit.
2260 2150 2476 2202 Poterit

268 2219 341 2271 D.
366 2219 707 2272 CURTIUS
735 2220 1066 2284 periculum
1095 2219 1223 2272 fieri
1253 2236 1477 2282 curare,
1507 2237 1587 2273 an
1615 2220 2064 2274 intermediante
2094 2220 2208 2274 hoc
2237 2221 2342 2274 suo
2370 2237 2474 2274 no-

267 2293 410 2342 vitio
426 2291 701 2343 Sextante
721 2292 947 2344 eaedem
966 2291 1202 2356 prorsus
1221 2293 1599 2357 quarundam
1619 2291 1876 2345 fixarum
1895 2295 2254 2345 remotiones
2274 2293 2474 2358 depre-

268 2362 619 2422 hendantur,
654 2363 859 2427 quales
892 2379 1021 2429 pag.
1052 2363 1122 2415 30
1152 2370 1206 2416 et
1235 2363 1497 2428 sequenti
1529 2367 1592 2416 in
1626 2379 1697 2416 eo
1729 2363 2057 2430 fragmento
2088 2363 2476 2429 Epistolarum

267 2433 812 2486 Astronomicarum
840 2435 917 2487 ad
945 2435 1369 2500 Lantgravium
1400 2434 1759 2500 scriptarum,
1794 2435 1954 2500 quod
1985 2438 2108 2487 iam
2140 2435 2366 2488 dudum
2394 2444 2473 2488 te-

269 2521 404 2556 cum
430 2508 883 2567 communicavi,
914 2506 1119 2558 nostris
1146 2506 1520 2559 Sextantibus
1551 2506 1781 2559 coelitus
1811 2506 2137 2572 defignatae,
2169 2522 2473 2572 exponun-

267 2583 383 2637 tur;
410 2592 510 2628 eas
531 2579 691 2629 enim
710 2577 825 2629 scio
847 2575 1079 2630 exac'tas
1100 2579 1222 2639 esse,
1244 2578 1458 2643 quibus
1475 2578 1516 2630 fi
1534 2578 1806 2631 Curtiani
1827 2578 2120 2631 Sextantis
2139 2581 2381 2631 inventa
2400 2578 2476 2631 ad

268 2649 532 2700 amussim
550 2648 1070 2714 corresponderint‚
1092 2665 1216 2702 non
1235 2649 1415 2715 potest
1435 2665 1559 2702 non
1580 2653 1707 2702 eius
1726 2647 1976 2715 perfecte
1998 2649 2334 2702 elaboratus
2355 2650 2474 2710 esse,

269 2735 404 2771 cum
425 2736 602 2772 omne
623 2735 832 2772 verum
859 2720 962 2773 suo
982 2736 1125 2772 vero
1146 2720 1471 2773 consonum
1493 2720 1572 2774 fit.
1601 2721 1959 2786 Exoptarem
1985 2727 2202 2781 autem,
2231 2727 2294 2773 ut
2315 2720 2474 2785 Qua-

269 2790 537 2843 drantem
568 2808 806 2856 quoque
838 2791 999 2844 iustae
1031 2792 1455 2858 magnitudinis
1485 2799 1540 2845 et
1570 2808 1601 2845 e
1631 2792 1814 2845 solido
1846 2791 2088 2845 metallo
2118 2792 2475 2844 constantem

268 2866 484 2925 pariter
501 2863 751 2915 divisum
771 2869 825 2915 et
841 2864 1195 2929 pinnacidijs
1215 2862 1553 2917 instructum
1571 2867 1634 2916 in
1654 2870 1932 2929 promptu
1951 2862 2209 2924 haberet,
2232 2879 2352 2928 quo
2372 2878 2476 2928 per

269 2933 604 2986 altitudines
631 2935 991 2987 meridianas
1013 2934 1165 2987 Solis
1192 2942 1247 2987 et
1272 2934 1567 2988 stellarum
1594 2935 2018 2988 declinationes
2043 2936 2168 2986 una
2194 2950 2330 2987 cum
2350 2933 2476 2987 Poli

268 3003 615 3057 sublimitate
638 3005 916 3070 exquisite
936 3006 1177 3059 scrutari
1194 3007 1576 3059 commodum
1593 3006 1757 3067 foret,
1780 3008 2054 3071 quamvis
2069 3012 2123 3058 et
2136 3005 2250 3059 hoc
2266 3006 2476 3058 eodem

270 3074 544 3128 Sextante
567 3079 720 3129 intra
738 3076 1153 3130 sublimitatem
1172 3077 1470 3143 sexaginta
1486 3078 1778 3143 graduum
1793 3078 1870 3130 ad
1884 3077 2283 3142 aequilibrium
2297 3077 2474 3129 Hori-

270 3150 458 3197 zontis
478 3147 540 3198 fit
561 3148 893 3212 dispofitum
907 3155 1084 3213 atque
1101 3152 1163 3201 in
1176 3148 1358 3213 plano
1372 3149 1686 3202 meridiani
1701 3147 1917 3202 directo
1930 3148 1989 3200 id
2004 3148 2192 3213 ipsum
2206 3148 2475 3213 praestare

270 3232 393 3268 non
414 3218 738 3270 admodum
758 3219 821 3271 fit
842 3222 1087 3281 invium,
1110 3235 1230 3285 qua
1250 3221 1321 3272 de
1342 3236 1404 3272 re
1426 3235 1565 3273 eum
1585 3220 1907 3273 admonere
1927 3226 2109 3285 potes,
2131 3215 2152 3288 ΙΙ

344 3288 599 3340 Gratum
613 3289 847 3354 insuper
860 3290 1009 3343 mihi
1024 3290 1115 3352 est,
1137 3292 1297 3356 quod
1313 3290 1579 3344 Globum
1592 3306 1877 3357 magnum
1890 3291 2259 3355 sexpedalem
2275 3294 2338 3342 in
2352 3291 2472 3343 dia-

270 3365 457 3410 metro
479 3359 727 3412 construi
749 3368 925 3421 curet,
946 3362 1254 3427 prospiciat
1275 3369 1474 3415 autem
1493 3362 1798 3428 diligenter
1812 3378 1887 3415 ne
1903 3365 1964 3415 in
1979 3362 2333 3414 rotunditate
2349 3365 2475 3413 eius

2085 3433 2472 3497 undiquaque

2522 741 2544 776 5

2515 1097 2569 1131 «10

2516 1303 2575 1346 2v

2527 1453 2570 1487 15

2524 2166 2570 2200 25

2525 2522 2570 2556 30

2525 2879 2570 2914 35

2524 3235 2571 3270 40

2518 3298 2570 3341 31·
