2664 4030
293 312 598 367 TYCHO
618 312 741 365 AD
761 311 1306 366 THADDAEUM
1326 310 1813 366 HAGECIUM
1834 312 1908 367 25
1929 313 2131 367 AUG.
2154 313 2298 367 1585
2354 314 2422 368 97

222 471 354 509 cam
374 463 429 509 et
448 456 617 508 usum
639 472 711 508 ex
731 455 852 521 ipsa
865 453 1220 521 inspectione
1234 454 1404 508 facile
1419 456 1743 520 assequeriS.
1766 455 1884 509 Ubi
1897 455 2148 521 sculptor
2161 456 2423 509 reversus

220 527 411 589 fuerit,
431 527 784 593 caeterafque
803 526 1113 579 machinas
1132 526 1248 579 fuis
1266 526 1640 579 lineamentis
1661 527 1999 592 expresserit,
2020 527 2308 580 faciamte
2328 543 2423 581 eo-

220 615 355 651 rum
380 601 740 665 participem.
769 598 932 651 Curo
953 601 1114 650 enim
1133 597 1243 650 has
1263 613 1471 650 omnes
1491 597 1692 663 figuris
1713 600 2196 651 convenientibus
2218 599 2422 661 excidi,

221 686 293 722 eo
308 671 468 735 quod
481 669 764 736 peculiari
777 669 1082 722 volumine
1099 668 1316 721 harum
1330 672 1602 721 omnium
1615 667 1958 722 ftruaefturam
1972 676 2028 722 et
2039 670 2423 735 multiplicem

149 758 171 792 ⁵
219 741 707 806 infallibilemque
718 741 904 802 usum,
913 740 1305 792 Astronomiae
1317 740 1576 793 alumnis
1586 741 1914 806 patefacere
1927 742 2300 794 decreverim.
2310 742 2424 795 Sed

219 813 393 865 video
406 828 503 865 me
517 811 804 878 copiofius
823 818 1019 864 tecum
1038 812 1267 878 agendo
1289 811 1543 877 epistolae
1562 813 1810 865 modum
1830 813 2126 874 excedere,
2149 829 2332 878 quare
2347 828 2422 865 ne

219 891 275 936 te
294 885 557 944 ulteriuS,
579 899 761 949 quam
780 899 888 949 par
908 883 998 945 est,
1020 883 1334 944 detineam,
1354 883 1538 936 finem
1551 883 1834 937 scribendi
1846 884 2078 945 faciam,
2098 891 2272 949 teque
2288 900 2423 936 eum

219 962 342 1007 tota
353 955 531 1008 domo
543 955 782 1007 Divinae
793 954 992 1007 tutelae
1004 955 1452 1008 commendabo
1464 955 1629 1017 Vale,
1646 962 1701 1007 et
1711 955 1915 1008 nostris
1927 955 2187 1021 defiderij
2194 971 2221 1008 s
2231 958 2424 1020 prima

220 1042 458 1091 quaque
485 1029 921 1092 opportunitate
947 1026 1247 1091 responde.
1278 1026 1338 1079 Si
1364 1026 1531 1079 nulla
1557 1026 1838 1079 offeratur
1864 1027 2230 1080 commodior
2255 1029 2422 1088 ratio,

129 1114 171 1149 10
218 1097 415 1150 literas
430 1100 553 1150 una
567 1114 703 1150 cum
716 1099 871 1163 ijsde
884 1098 1096 1163 quibus
1110 1101 1476 1150 mentionem
1488 1098 1615 1159 feci,
1632 1098 2005 1151 Rostochium
2015 1099 2091 1151 ad
2102 1096 2423 1150 Docstorem

219 1169 661 1222 HENRICUM
676 1169 1102 1223 BRUCAEUM
1115 1169 1359 1234 perferri
1373 1185 1531 1222 cura.
1548 1170 1603 1221 Is
1618 1172 1778 1222 enim
1792 1169 2090 1222 confestim
2102 1185 2207 1234 per
2222 1170 2424 1222 crebra

219 1256 356 1305 quae
375 1240 513 1293 inde
533 1240 651 1293 huc
671 1240 977 1306 appellunt
994 1243 1232 1306 navigia
1250 1256 1346 1292 me
1368 1256 1577 1293 eorum
1603 1246 1937 1306 compotem
1961 1241 2176 1293 reddet.
2204 1241 2424 1293 Iterum

218 1314 302 1363 mi
321 1311 641 1364 charissime
661 1311 1025 1364 THADAEE
1044 1312 1177 1364 vale
1198 1327 1381 1376 quam
1400 1311 1727 1364 felicissime.
1755 1312 1930 1364 Datae
1951 1311 2310 1378 Uraniburgi
2335 1312 2421 1364 25.

218 1383 461 1449 Augusti
480 1383 663 1436 Anno
683 1384 828 1436 1585.
1584 1418 1701 1471 Tui
1720 1419 2140 1471 amanfiffimus

1783 1489 2024 1543 TYCHO
2051 1490 2281 1542 BRAHE

1806 1577 1994 1614 manu
2012 1564 2267 1627 propria.

128 1435 170 1470 1⁵

290 1667 350 1721 Si
364 1675 500 1721 ante
514 1667 821 1721 instantem
834 1668 1112 1735 hyemem
1125 1668 1463 1734 responsum
1477 1675 1582 1721 ate
1597 1683 1896 1734 accepero,
1914 1684 2040 1721 rem
2056 1668 2262 1721 feceris
2274 1667 2423 1720 mihi

216 1739 390 1806 longe
409 1740 794 1805 gratissimam.

122 1953 169 1989 20
218 1951 293 1997 [Ex
313 1953 556 1998 apographo
576 1952 621 1989 in
641 1952 786 1990 codice
804 1953 975 1990 Arehivi
995 1952 1126 1999 Regni
1147 1952 1315 1989 Daniae:
1335 1953 1458 1990 Arch.
1478 1952 1580 1998 priv.
1599 1953 1728 1998 Tych.
1749 1951 1887 1998 Brah.]

215 2039 614 2115 TYCHO
658 2040 1040 2114 BRAHE
1079 2041 1242 2114 AD
1282 2040 1861 2114 ANDREAM
1903 2040 2417 2114 SEVERINI

1105 2144 1534 2268 VELLSEIUM.

248 2324 271 2339 ⁴
527 2305 569 2380 ζῇ
624 2379 627 2381 ¹
689 2310 1248 2364 ERIUCUNDUM
1279 2310 1430 2363 mihi
1458 2310 1666 2363 auditu
1693 2309 1899 2371 fuerat,
1933 2311 2313 2363 amantissime
2343 2311 2418 2363 D.

293 2398 319 2415 ⁷»
493 2380 498 2398 ¹
558 2387 564 2406 ³
591 2417 633 2455 ἓ,
688 2382 962 2448 Magister
992 2382 1346 2443 ANDREA,
1385 2382 1545 2447 quod
1577 2397 1767 2447 nuper
1798 2381 2043 2434 Hafniae
2077 2397 2149 2434 ex
2182 2382 2420 2447 epistola

306 2466 311 2479 “
443 2479 457 2488 «
497 2476 547 2522 χ
606 2459 652 2517 ἶχ
686 2460 790 2506 tua
815 2452 1140 2519 Magnifico
1166 2453 1432 2505 Domino
1460 2452 1826 2506 DANZAEO
1855 2452 2128 2518 inscripta
2155 2454 2417 2506 intellex-

249 2574 252 2582 .
436 2562 442 2568 .
576 2526 598 2534 “
641 2547 643 2549 ·
691 2540 854 2577 eram
882 2531 938 2577 te
966 2525 1129 2578 brevi
1158 2540 1268 2577 nos
1296 2524 1639 2586 invisurum,
1668 2523 1849 2576 modo
1878 2523 2086 2590 hyems
2114 2528 2221 2577 iter
2249 2531 2419 2577 tuum

303 2615 321 2630 2
576 2613 599 2650 ’ὲ
649 2633 651 2635 ·
689 2612 813 2648 non
831 2596 1215 2662 impediverit,
1235 2596 1332 2647 vel
1349 2598 1545 2661 potius
1564 2597 1749 2661 gentis
1768 2593 2229 2648 in'retrac'tandis
2250 2596 2418 2661 polli-

469 2665 479 2698 ’-
690 2670 815 2720 citis
832 2667 1206 2720 consuetudo
1230 2667 1354 2719 Cur
1367 2682 1509 2719 vero
1529 2682 1689 2719 nunc
1708 2666 1818 2719 has
1838 2666 1914 2719 ad
1927 2673 1983 2718 te
1996 2669 2241 2728 mittam,
2262 2666 2417 2719 frau-

122 2757 168 2792 ³o
217 2738 459 2791 dulenta
485 2737 732 2791 discessio
759 2738 1061 2791 cuiusdam
1087 2741 1241 2791 servi
1262 2754 1359 2790 me
1379 2737 1627 2803 impulit,
1655 2738 1815 2802 quod
1834 2737 1890 2789 fe
1909 2740 1972 2789 in
1992 2737 2152 2790 hunc
2171 2738 2419 2790 modum

215 2809 413 2862 habet:
448 2810 522 2862 ob
554 2813 797 2874 turpiter
826 2816 883 2862 et
910 2809 1212 2862 inhoneste
1242 2811 1535 2862 commissa
1562 2808 1828 2861 facinora
1856 2824 1992 2860 cum
2020 2809 2238 2862 ancilla
2264 2824 2417 2871 mea,

216 2896 352 2946 quae
379 2881 574 2934 claves
601 2881 676 2934 ad
701 2897 862 2946 penu
887 2896 1090 2934 meum
1110 2881 1504 2941 conservabat,
1533 2895 1668 2932 cum
1688 2895 1808 2945 qua
1826 2879 1944 2944 ipse
1965 2886 2021 2932 et
2039 2879 2343 2933 libidinem
2363 2887 2419 2934 et

214 2951 369 3005 furta
396 2956 670 3013 exercuit,
700 2954 824 3005 una
850 2968 986 3005 cum
1011 2952 1126 3005 hoc
1152 2952 1354 3013 alter0,
1383 2967 1561 3017 quem
1586 2967 1746 3004 nunc
1771 2950 1966 3003 fecum
1992 2951 2250 3013 abduxit,
2281 2967 2418 3017 quae

216 3026 396 3075 etiam
425 3039 498 3076 eo
526 3027 770 3076 nomine
800 3040 936 3076 cum
963 3023 1213 3076 infamia
1240 3039 1278 3076 a
1305 3039 1401 3075 me
1431 3023 1651 3075 dimissa
1680 3022 1770 3075 eft.
1804 3022 1956 3074 Haec
1984 3028 2185 3075 tamen
2214 3026 2418 3075 omnia

53 3104 67 3115 ·
121 3111 167 3147 35
215 3092 501 3147 hae‘tenus
533 3095 894 3157 dissimulavi,
926 3110 1174 3160 parcens
1202 3094 1377 3159 ipfius
1406 3093 1600 3155 famae,
1634 3093 1709 3146 ob
1742 3100 1992 3155 aetatem‚
2026 3100 2212 3146 artem
2242 3102 2296 3147 et
2325 3094 2416 3146 Ri-

214 3165 419 3230 penfes
438 3169 678 3227 amicOS,
704 3167 855 3219 adeo
879 3173 942 3218 ut
964 3182 1143 3218 nemo
1169 3181 1265 3217 me
1292 3181 1364 3218 ea
1388 3164 1659 3217 rescivisse
1686 3164 1758 3217 de
1782 3164 1905 3230 ipso
1930 3165 2294 3227 intellexerit,
2321 3165 2417 3218 sed

214 3236 417 3289 saltem
436 3239 500 3288 in
515 3237 664 3289 alios
679 3237 994 3289 corrivales
1007 3236 1182 3302 ipfius
1195 3243 1317 3289 tota
1332 3236 1506 3301 culpa
1518 3236 1875 3297 redundarit,
1896 3236 2063 3289 nulla
2076 3236 2251 3302 ipfius
2264 3234 2418 3290 facia

214 3310 534 3368 mentione,
560 3314 735 3372 prout
759 3307 952 3360 nostra
976 3307 1222 3373 postulat
1242 3310 1517 3369 amicitia,
1545 3309 1686 3373 quia
1706 3307 1781 3359 eft
1799 3322 1894 3360 res
1912 3307 2073 3360 malo
2094 3308 2416 3373 exemplari

215 3385 452 3444 propter
477 3379 627 3431 alios
652 3395 818 3431 meos
845 3378 1084 3444 opifices
1105 3386 1160 3432 et
1179 3378 1390 3440 fervOS,
1416 3381 1661 3444 impune
1682 3381 1824 3432 citra
1844 3394 2085 3431 omnem
2106 3379 2341 3501 catgsam
2362 3384 2416 3430 et

362 3461 404 3495 13
2033 3466 2176 3502 nece
2215 3452 2414 3501 itatem
