2644 4030
268 306 571 360 TYCHO
591 306 714 359 AD
735 305 1277 360 THADDAEUM
1299 306 1783 361 HAGECIUM
1804 307 1825 360 l
1847 307 2046 361 NOV.
2068 308 2213 361 1589
2287 307 2382 361 213

186 464 365 514 quem
394 448 724 515 Ratisponae
752 448 901 501 mihi
929 449 1202 510 donaraS,
1235 449 1428 502 nescio
1460 449 1561 502 ubi
1591 455 1646 502 et
1675 449 1916 515 quando
1946 450 2255 512 amiserim,
2287 450 2383 503 sed

185 520 426 573 aliunde
445 519 592 573 forte
614 535 752 573 eum
774 520 1022 581 habebo,
1050 536 1174 573 non
1200 520 1291 581 est,
1319 520 1478 586 quod
1497 527 1561 573 tu
1581 527 1636 573 te
1656 522 1719 573 in
1740 537 1811 573 eo
1833 522 2238 586 conquirendo
2259 537 2382 574 am-

184 591 339 656 plius
364 591 645 644 molestes,
672 592 785 644 Pro
810 592 960 644 libro
980 592 1348 644 WERNERI
1371 592 1443 644 de
1467 591 1770 645 elementis
1791 595 2009 645 conicis
2029 599 2084 645 et
2103 600 2269 645 motu
2290 608 2382 645 oc-

184 669 338 715 tavae
357 662 603 727 sphaerae
622 661 771 714 mihi
784 662 1099 715 transmisso
1114 670 1169 715 et
1182 679 1219 716 a
1233 663 1498 716 Domino
1513 663 1874 716 FABRICIO
1888 664 2064 717 bonae
2077 666 2383 716 memoriae

115 750 173 794 ⁵·1·
189 733 391 798 (audio
418 736 577 785 enim
604 733 773 786 illum
799 736 919 786 iam
944 733 1076 786 fatis
1103 735 1429 795 concessisse‚
1456 735 1616 799 quod
1640 737 1818 787 etiam
1838 734 2034 799 doleo)
2055 738 2383 800 impetrate,

95 1105 138 1141 10

95 1461 136 1496 15

92 2173 139 2208 25

94 2885 141 2920 35

96 3240 142 3275 40

83 3375 160 3418 15¹·

184 807 399 870 gratias
418 804 521 856 tibi
541 820 652 870 ago
671 804 980 870 plurimas;
1008 805 1110 858 diu
1134 805 1506 871 multumque
1530 806 1627 858 iste
1647 805 1792 859 liber
1812 821 1849 858 a
1867 822 1963 858 me
1985 809 2270 871 expetitus
2291 806 2382 867 est,

184 890 294 928 nec
307 891 576 940 unquam
590 882 766 928 antea
779 876 1032 929 nancisci
1045 877 1223 929 licuit.
1244 877 1419 938 Licet,
1434 883 1498 929 ut
1512 878 1705 930 dicam
1717 877 1793 938 id,
1809 877 1969 942 quod
1982 893 2074 929 res
2089 877 2180 939 est,
2199 892 2383 942 quan-

184 953 310 999 tum
330 946 406 999 ad
426 945 735 1000 traclatum
756 948 828 1000 de
848 947 1143 1000 stellarum
1169 954 1336 1000 motu
1363 951 1581 1009 attinet,
1607 963 1732 1000 non
1757 948 1973 1002 habeat
1991 949 2051 1001 id
2071 951 2133 1000 in
2156 949 2383 1009 recessu,

186 1018 422 1142 quoffln
431 1019 652 1142 ί3110001311
665 1018 989 1084 pollicetur,
1005 1026 1068 1071 ut
1082 1019 1222 1072 alibi
1237 1019 1562 1072 ostensurus
1575 1019 1718 1081 sum,
1735 1035 1870 1072 cum
1885 1020 1956 1072 de
1970 1019 2084 1072 hac
2096 1035 2159 1072 re
2174 1020 2385 1086 agendi

186 1105 289 1142 000
374 1105 411 1142 0
471 1090 680 1142 abitur.

256 1161 410 1213 Haec
430 1161 506 1213 ad
526 1176 614 1222 ea,
636 1176 772 1226 quae
792 1162 975 1213 literis
994 1161 1127 1227 ipfis
1146 1164 1338 1226 primo
1359 1162 1435 1214 ad
1454 1177 1550 1214 me
1571 1162 1719 1214 datis
1739 1165 2128 1223 continentur,
2152 1161 2384 1226 respon-

185 1231 381 1285 denda
399 1231 599 1285 habui.
621 1232 735 1285 Sed
756 1238 811 1284 et
830 1234 919 1298 ijs,
940 1248 1076 1298 quae
1096 1236 1159 1285 in
1177 1232 1454 1285 schedula
1467 1248 1705 1285 annexa
1717 1233 1838 1298 post
1850 1233 2059 1298 scripta
2070 1232 2216 1294 sunt,
2236 1232 2385 1285 satis-

184 1302 523 1356 faciendum
544 1306 666 1358 erit.
687 1300 858 1356 Recte
878 1303 996 1356 illic
1015 1319 1240 1364 11101103,
1262 1319 1357 1356 me
1379 1320 1451 1356 ex
1471 1310 1674 1356 tenore
1695 1304 1982 1371 Privilegij
2005 1320 2110 1369 per
2128 1311 2183 1356 te
2203 1306 2384 1369 impe-

185 1377 318 1427 trati
349 1377 461 1427 tria
492 1375 855 1441 exemplaria
885 1390 1156 1428 mearum
1186 1374 1665 1428 lucubrationum
1696 1378 1760 1427 in
1789 1375 2226 1428 Cancellariam
2256 1375 2385 1428 Cae-

185 1445 412 1499 saream
436 1448 664 1498 mittere
691 1446 919 1506 debere,
950 1447 1110 1511 quod
1136 1449 1315 1499 etiam
1343 1446 1590 1499 libenter
1614 1445 1872 1499 facturus
1897 1446 2041 1507 sum,
2070 1446 2173 1499 ubi
2197 1453 2386 1498 totum

186 1533 354 1582 OPUS,
383 1517 479 1570 vel
506 1517 709 1570 saltem
736 1519 962 1582 primus
991 1517 1137 1570 liber
1167 1518 1462 1583 prodierit,
1496 1520 1591 1569 cui
1624 1517 1887 1582 diploma
1917 1517 2064 1570 illud
2095 1519 2218 1570 una
2251 1533 2387 1569 cum

186 1591 411 1641 caeteris
439 1588 514 1641 ab
543 1588 674 1654 alijs
704 1589 956 1653 Regibus
987 1591 1310 1654 impetratis
1341 1588 1691 1654 praefigetur‚
1724 1604 1919 1653 neque
1950 1591 2110 1640 enim
2137 1589 2197 1641 id
2224 1591 2387 1653 prius

185 1661 563 1712 necessarium
588 1660 747 1720 duxi,
772 1659 1057 1725 liquidem
1076 1660 1364 1726 Privilegij
1394 1666 1565 1712 tenor
1590 1659 1730 1712 111110
1751 1660 2022 1712 secundae
2044 1662 2196 1725 parti
2217 1660 2387 1712 editae

139 1748 161 1767 v
186 1747 311 1784 non
334 1731 399 1783 fit
424 1730 750 1793 adiunctuS,
777 1746 886 1783 nec
913 1731 1277 1797 exemplaria
1300 1731 1407 1783 nifi
1431 1747 1729 1797 perpauca
1755 1731 1886 1797 alijs
1913 1727 1934 1800 ΙΙ
1962 1733 2389 1784 00111111111110311

187 1803 571 1863 concesserim,
595 1805 820 1855 caeteris
839 1818 1092 1855 numero
1112 1804 1242 1856 1500
1261 1802 1456 1855 adhuc
1476 1803 1795 1862 reservatis,
1822 1803 2010 1855 donec
2029 1805 2255 1868 primus
2274 1802 2387 1854 To-

185 1889 320 1926 mus
344 1874 643 1939 publicam
667 1874 862 1926 lucem
880 1875 1105 1927 viderit.
1133 1873 1303 1927 Recte
1329 1877 1529 1939 itaque
1558 1874 1831 1926 excusasti
1850 1874 2007 1927 hanc
2027 1873 2387 1935 dilationem,

186 1961 311 1998 non
337 1948 498 1998 enim
522 1945 715 1998 decuit
739 1961 1021 1998 mancum
1047 1962 1198 2011 opus
1219 1945 1440 1998 Caesari
1467 1944 1694 2007 offerre,
1723 1946 1877 1998 dabo
1903 1951 2103 1998 autem
2127 1960 2387 2009 operam,

187 2023 478 2082 quantum
497 2020 559 2068 in
578 2032 676 2069 me
697 2016 788 2077 est,
809 2023 874 2070 ut
892 2017 1038 2069 liber
1056 2021 1282 2082 primus
1298 2017 1411 2070 1130
1427 2017 1642 2083 hyeme
1655 2019 1806 2083 typis
1820 2016 2023 2068 nostris
2038 2016 2386 2076 absolvatur,

186 2094 312 2140 tum
333 2088 574 2140 demum
593 2087 726 2141 satis
747 2091 853 2140 erit
872 2091 1169 2153 temporiS,
1190 2095 1253 2140 ut
1272 2089 1348 2148 id,
1371 2088 1530 2153 quod
1549 2095 1769 2148 teneor,
1789 2087 2070 2152 praestem.
2092 2088 2282 2153 Rogas
2301 2090 2387 2139 in-

187 2159 357 2224 super
376 2159 610 2220 ibidem,
631 2159 881 2223 utsupra
895 2163 1270 2212 nominatum
1284 2159 1616 2211 Dominum
1632 2159 2022 2219 CURTIUM,
2044 2174 2180 2211 011111
2194 2173 2387 2211 exem-

185 2231 376 2296 plaria
400 2230 628 2292 misero,
654 2230 899 2283 salutem
920 2237 975 2283 et
994 2230 1174 2283 literis
1197 2230 1460 2292 invisam,
1487 2237 1669 2295 utque
1695 2233 2016 2283 amicitiam
2037 2246 2173 2282 cum
2193 2245 2265 2282 eo
2284 2245 2389 2295 per

187 2301 297 2354 has
324 2301 688 2363 contraham,
717 2302 778 2354 id
807 2303 966 2366 quod
996 2305 1173 2354 etiam
1202 2302 1553 2367 perlibenter
1582 2301 1853 2363 efficiam,
1884 2317 2019 2354 cum
2047 2301 2387 2366 intelligam,

186 2376 384 2425 virum
409 2373 580 2425 illum
605 2373 850 2438 dignum
876 2374 995 2435 esse,
1024 2375 1126 2437 qui
1152 2379 1398 2433 ametur,
1427 2379 1482 2424 et
1507 2372 1726 2425 horum
1751 2376 1929 2425 etiam
1950 2372 2271 2424 studiorum
2292 2388 2387 2424 ex·

188 2444 464 2496 cellenter
488 2460 755 2510 gnarum.
783 2444 878 2496 Ne
899 2446 1070 2509 igitur
1090 2460 1210 2509 qua
1228 2446 1291 2496 in
1310 2459 1447 2496 mea
1465 2444 1769 2496 voluntate
1795 2443 1936 2496 adfit
1961 2459 2147 2505 mora,
2174 2444 2215 2495 fi
2240 2443 2387 2495 forte

189 2522 325 2568 ante
346 2515 863 2568 Francofurtianas
882 2516 1182 2567 nundinas
1207 2516 1353 2568 liber
1374 2518 1536 2580 prior
1554 2515 1807 2567 totaliter
1826 2517 1976 2580 typis
1996 2515 2270 2567 mandari
2289 2530 2388 2566 ne-

188 2593 382 2652 queat,
410 2589 651 2639 exaravi
677 2589 799 2639 iam
821 2602 982 2638 nunc
1000 2586 1127 2646 has,
1155 2602 1305 2651 quas
1323 2587 1427 2638 tibi
1446 2589 1613 2638 mitto
1634 2586 1719 2638 illi
1738 2586 2069 2647 tradendaS‚
2097 2593 2161 2638 ut
2185 2601 2389 2637 meum

189 2673 326 2723 erga
354 2657 409 2709 se
438 2658 690 2710 studium
719 2664 774 2710 et
803 2657 1066 2710 officium
1097 2661 1387 2710 maturius
1419 2657 1739 2723 cognoscat,
1774 2658 1933 2722 quod
1960 2657 2002 2709 fi
2030 2658 2143 2709 hac
2174 2657 2388 2723 hyeme

189 2732 508 2794 quicquam
533 2729 876 2793 rescripserit
903 2735 958 2781 et
982 2729 1151 2781 suum
1177 2729 1249 2781 de
1275 2729 1479 2780 nostris
1504 2728 1804 2781 laboribus
1831 2744 1899 2780 ac
1924 2728 2121 2794 studiJ's
2144 2729 2387 2793 gravissi-

187 2816 355 2852 mum
381 2801 666 2853 iudicium
690 2800 1010 2865 protulerit,
1039 2799 1265 2860 efficiet,
1293 2807 1356 2852 ut
1381 2800 1592 2864 saepius
1619 2815 1754 2852 cum
1780 2815 1851 2851 eo
1877 2815 1982 2864 per
2000 2800 2197 2852 literas
2217 2814 2388 2864 agere

191 2878 245 2924 et
265 2871 336 2924 de
356 2871 470 2923 hac
489 2871 720 2924 sublimi
740 2878 864 2924 arte
885 2871 1149 2923 conferre
1170 2871 1422 2923 alacrior
1440 2871 1672 2923 futurus
1691 2870 1810 2922 fim.
1839 2871 1952 2923 Sed
1972 2872 2162 2930 vide0,
2186 2886 2282 2922 me
2302 2872 2388 2922 ni-

187 2945 301 2994 mis
319 2942 466 2995 forte
486 2942 730 3007 prolixe,
759 2950 1050 3008 quantum
1070 2943 1145 2995 ad
1164 2945 1418 3007 primam
1439 2942 1754 3006 Epistolam
1774 2945 1992 3002 attinet,
2016 2949 2211 2994 tecum
2223 2941 2388 2993 locu-

188 3019 331 3066 tum.
353 3014 531 3066 Nunc
550 3017 724 3079 igitur
744 3014 819 3066 ad
839 3014 1096 3078 reliquas
1110 3029 1206 3066 me
1222 3013 1538 3074 conferam,
1561 3016 1623 3065 in
1641 3014 1852 3078 quibus
1868 3028 1968 3065 ero
1982 3014 2231 3073 brevior,
2254 3028 2389 3064 cum

190 3087 368 3137 etiam
387 3101 491 3149 per
510 3084 565 3136 se
585 3100 710 3137 non
729 3085 880 3137 adeo
900 3084 1262 3137 luculentam
1282 3084 1714 3149 responsionem
1732 3087 2050 3148 requirant.

262 3155 349 3207 Ex
383 3155 649 3207 secundis
683 3159 798 3207 tuis
832 3155 1013 3207 literis
1047 3156 1180 3207 satis
1214 3156 1492 3220 intelligo,
1531 3156 1912 3208 amantissime
1946 3154 2388 3215 THADDAEE,

192 3241 375 3291 quam
394 3226 649 3279 solicitus
668 3226 848 3278 fueris
869 3227 941 3278 de
960 3227 1254 3291 prioribus
1274 3229 1396 3278 una
1416 3242 1552 3279 cum
1569 3227 1719 3279 libro
1737 3226 1839 3278 illo
1853 3226 2223 3278 WERNERI
2241 3225 2391 3278 mihi

189 3313 314 3349 non
333 3297 465 3350 satis
486 3300 599 3350 cito
620 3297 828 3357 allatiS,
849 3298 951 3349 ubi
971 3300 1149 3349 etiam
1169 3297 1348 3350 refers
1371 3298 1554 3362 (quod
1567 3304 1686 3350 tuae
1702 3313 1839 3363 erga
1851 3313 1947 3350 me
1960 3297 2390 3350 benevolentiae

190 3367 405 3432 tribuo)
422 3368 581 3433 quod
591 3367 850 3421 Tomum
861 3364 882 3437 ΙΙ
893 3384 1096 3421 meum
1108 3371 1368 3433 primum
1380 3371 1773 3422 recentiorum
1785 3369 1920 3422 coeli
1930 3369 2391 3421 Phaenomenmn

2327 3454 2391 3490 in
