2644 4030
122 1098 164 1133 10

122 1454 163 1489 15

121 2882 167 2917 35

122 3236 169 3271 40

210 295 514 349 TYCHO
541 296 664 348 AD
692 295 1174 349 HENRICUM
1201 296 1737 349 RANZOVIUM
1764 297 1826 349 13
1853 296 2071 350 SEPT.
2100 298 2246 351 1588
2319 298 2410 351 125

211 439 475 492 amussim
489 437 782 500 indicabit,
801 454 936 504 quae
951 441 1216 492 carmina
1229 438 1465 504 septena
1479 440 1541 491 in
1554 437 1908 504 frontispicio
1923 439 2121 493 addita
2134 439 2411 505 pollicen-

210 517 320 570 tur,
350 510 531 562 modo
558 510 835 575 exquisite
862 510 938 563 ad
963 510 1211 575 planum
1237 510 1601 571 HorizontiS,
1630 512 1693 562 in
1723 510 2002 564 columna
2029 511 2211 576 (quod
2236 511 2412 564 satius

212 581 310 645 est)
336 581 572 647 lapidea
596 580 876 642 firmetur,
904 581 1095 646 licque
1121 584 1184 634 in
1210 597 1282 634 ea
1308 581 1662 646 disponatur,
1689 588 1753 634 ut
1778 581 1938 634 linea
1957 582 2248 644 Meridiei,
2276 599 2412 648 quae

212 652 287 705 est
313 652 479 705 horae
506 652 890 711 duodecimae,
918 652 1196 717 exquisite
1216 653 1555 706 Meridiano
1582 652 1796 706 coelesti
1820 652 2224 714 substernatur,
2253 655 2413 719 quod

212 739 332 788 qua
351 726 579 776 ratione
599 723 1009 788 compendiose
1031 730 1086 776 et
1106 726 1318 776 certius
1335 740 1517 789 quam
1533 739 1637 790 per
1651 724 2026 789 Compassum
2046 724 2199 777 effici
2217 725 2412 790 potest,

212 794 524 847 exhibitori
553 794 770 847 harum
798 794 1034 855 ostendi,
1065 797 1168 860 qui
1195 795 1314 857 tibi,
1344 796 1525 848 modo
1554 795 1687 848 satis
1715 796 2136 848 indicationem
2159 796 2413 849 nostram

211 867 502 918 memoria
514 867 832 927 retinuerit,
852 869 1056 919 omnia
1073 868 1310 932 aperiet.
1333 867 1494 933 Rogo
1507 873 1898 932 peramanter,
1912 866 2058 920 velis
2071 867 2186 920 hoc
2199 883 2412 920 munu-

211 936 436 989 sculum
448 936 590 989 boni
605 936 922 990 consulere.
945 937 1123 1002 Quod
1142 938 1218 990 ad
1237 953 1530 1004 papyrum
1550 941 1769 1000 attinet,
1789 938 1933 991 scias
1953 954 2103 1000 eam,
2125 955 2307 1004 quam
2327 939 2412 991 ul-

211 1011 355 1060 timo
381 1007 588 1070 misisti,
614 1008 687 1060 de
714 1024 834 1073 qua
859 1008 998 1061 risas
1024 1009 1089 1064 32}
1116 1008 1444 1073 (deficiente
1470 1025 1507 1062 a
1532 1010 1776 1062 dimidia
1800 1009 1975 1071 balla,
2003 1026 2185 1075 quam
2206 1017 2262 1063 te
2285 1012 2412 1062 mit-

211 1087 332 1132 tere
346 1078 681 1145 significasti,
700 1079 811 1132 risa
825 1079 899 1144 lvi)
914 1082 1130 1146 accepi,
1149 1081 1253 1132 esse
1266 1080 1400 1133 satis
1414 1081 1694 1133 idoneam
1708 1087 1763 1133 et
1776 1083 2042 1147 apprime
2056 1088 2413 1146 oportunam

211 1166 347 1203 meo
365 1153 546 1216 operi,
567 1150 608 1202 fi
626 1151 807 1203 modo
828 1151 900 1203 de
920 1150 1033 1204 hac
1052 1154 1116 1203 in
1135 1151 1339 1216 aliqua
1355 1154 1527 1217 copia
1543 1152 1806 1204 obtinere
1825 1153 2133 1217 possemus;
2155 1152 2413 1205 defidero

212 1224 374 1274 enim
390 1222 466 1275 ad
482 1224 799 1274 minimum
818 1229 1030 1287 praeter
1050 1238 1201 1283 eam,
1222 1238 1405 1288 quam
1425 1223 1666 1275 aliunde
1687 1226 1991 1288 conquirO,
2012 1223 2199 1276 ballas
2219 1223 2414 1276 adhuc

211 1293 345 1359 plus
370 1295 570 1346 minus
596 1294 816 1355 decem,
844 1309 1008 1359 quaS‚
1035 1293 1077 1346 fi
1101 1300 1205 1346 tua
1230 1293 1586 1346 authoritate
1607 1300 1663 1346 et
1681 1297 2094 1359 procuratione
2115 1301 2252 1348 ante
2275 1295 2413 1361 hye-

211 1380 373 1417 mem
387 1364 532 1417 iusto
545 1367 733 1429 pretio
748 1365 1125 1430 acquifiverO,
1143 1364 1294 1416 nihil
1306 1364 1454 1417 mihi
1467 1367 1686 1430 gratius
1701 1368 1938 1417 evenire
1952 1368 2178 1430 poterit.
2200 1366 2270 1418 Et
2283 1367 2414 1418 licet

212 1435 343 1488 haec
362 1435 499 1502 ipsa,
522 1451 705 1501 quam
723 1435 933 1488 ultimo
953 1452 990 1488 a
1008 1442 1065 1488 te
1085 1438 1300 1500 accepi,
1320 1435 1635 1501 paululum
1653 1451 1790 1489 mea
1808 1438 2003 1501 priore
2022 1440 2214 1489 maior
2233 1437 2312 1499 fit,
2332 1444 2414 1490 ta-

211 1522 352 1559 men
371 1507 430 1560 id
450 1523 575 1560 non
593 1513 716 1559 tam
735 1507 980 1568 interest,
1002 1522 1184 1572 quam
1203 1507 1244 1559 fi
1263 1510 1460 1559 minor
1481 1507 1651 1568 foret;
1678 1515 1818 1560 tunc
1845 1510 2006 1560 enim
2031 1509 2158 1560 esset
2182 1508 2416 1573 prorsus

212 1578 452 1639 inutiIiS,
482 1585 542 1631 at
567 1594 727 1631 nunc
753 1580 1242 1631 extraeminentia
1266 1578 1370 1631 illa
1394 1581 1715 1645 perexigua
1739 1578 1909 1631 facile
1935 1581 2087 1631 inter
2111 1579 2416 1645 ligandum

212 1650 392 1702 libros
411 1649 507 1702 vel
532 1649 680 1702 alias
705 1656 881 1702 antea
903 1650 1268 1715 praecidetur.
1297 1650 1544 1703 Utinam
1562 1650 1765 1703 saltem
1784 1651 1856 1703 de
1876 1650 1979 1703 tali
1998 1666 2224 1717 papyro
2243 1653 2307 1703 in
2328 1667 2415 1712 ea,

213 1737 334 1786 qua
354 1721 490 1783 dixi,
518 1723 689 1786 copia
711 1727 941 1774 mature
963 1727 1018 1773 et
1037 1727 1194 1774 certo
1214 1721 1468 1774 nancisci
1488 1737 1722 1787 queam.
1750 1721 1952 1774 Dubia
1976 1721 2095 1783 illa,
2124 1737 2259 1787 quae
2281 1722 2415 1775 Cla-

213 1794 456 1845 rissimus
474 1794 565 1844 vir
585 1792 659 1845 D.
682 1792 986 1846 CASPAR
1005 1792 1417 1846 PEUCERUS
1438 1799 1493 1845 et
1512 1793 1658 1846 alter
1677 1793 1776 1845 ille
1795 1809 1920 1846 non
1938 1792 2212 1859 vulgariS,
2233 1800 2297 1846 ut
2316 1809 2415 1858 ap-

212 1870 377 1930 paret
404 1863 560 1928 (licet
585 1879 808 1916 nomen
835 1866 961 1916 eius
980 1863 1130 1916 mihi
1150 1867 1312 1930 prius
1332 1880 1456 1917 non
1475 1864 1836 1929 innotuerat)
1858 1863 2320 1917 Mathematicus
2339 1864 2414 1917 D.

214 1935 625 1988 GEORGIUS
658 1935 1293 1989 RULLENHAGIUS
1321 1938 1385 1988 in
1413 1951 1550 1989 mea
1579 1935 1944 2001 dispositione
1976 1935 2416 1988 revolutionum

214 2006 534 2059 coelestium
552 2006 656 2059 tibi
674 2022 779 2072 per
798 2006 995 2059 literas
1015 2007 1366 2068 indicarunt,
1388 2007 1713 2060 admodum
1732 2007 1903 2060 facile
1919 2007 2049 2060 sunt
2065 2007 2414 2060 resolubilia.

149 2099 170 2117 v
214 2078 375 2130 Nam
395 2084 687 2143 quantum
706 2078 782 2131 ad
802 2077 1244 2131 PEUCERUM
1265 2074 1286 2147 ΙΙ
1306 2081 1526 2140 attinet,
1546 2078 1818 2131 nondum
1835 2078 1969 2132 satis
1989 2078 2414 2131 animadverte-

213 2148 312 2201 bat
336 2152 402 2210 is,
430 2150 590 2214 quod
617 2149 858 2214 quando
879 2148 996 2211 Sol,
1024 2152 1126 2214 qui
1147 2149 1222 2201 est
1241 2156 1508 2202 centrum
1528 2152 1878 2202 circuituum
1903 2149 2269 2215 reliquorum
2288 2149 2414 2203 Pla-

214 2227 503 2282 netarum,
531 2220 852 2273 deferretur
874 2222 937 2272 in
959 2220 1207 2273 alteram
1226 2227 1470 2286 partem,
1499 2237 1634 2286 quae
1654 2223 1718 2274 in
1738 2221 2132 2274 delineatione
2151 2223 2302 2273 inter
2322 2237 2414 2274 oc-

213 2298 415 2348 tavam
426 2290 737 2357 Sphaeram
750 2298 806 2344 et
819 2291 1024 2344 orbem
1047 2290 1137 2356 ’5¹²³
1149 2291 1332 2344 otiosa
1343 2292 1589 2353 videtur,
1601 2298 1740 2345 tunc
1752 2292 1922 2346 orbes
1934 2294 2315 2358 imaginarios
2331 2308 2415 2345 er-

214 2366 475 2420 rantium
491 2362 807 2416 Stellarum
827 2362 1122 2428 complere
1142 2362 1288 2416 illud
1307 2362 1557 2428 spatium
1575 2363 1785 2416 eodem
1800 2364 1981 2416 modo
1999 2379 2119 2429 quo
2135 2363 2415 2428 superius,

215 2434 375 2499 quod
388 2449 549 2487 nunc
563 2436 625 2486 in
639 2433 829 2500 figura
838 2449 1096 2487 vacuum
1110 2441 1370 2499 apparet,
1386 2441 1440 2487 et
1450 2434 1524 2487 fic
1535 2437 1910 2488 circumcirca
1922 2435 2135 2496 eund0,
2148 2435 2223 2488 ob
2235 2437 2416 2487 centri

215 2521 483 2558 annuam
497 2521 633 2558 cum
647 2505 782 2558 Sole
797 2508 1332 2567 concomitantiam,
1347 2509 1662 2571 requiritur
1675 2507 1985 2560 necessario
1999 2512 2229 2559 tantum
2242 2508 2415 2558 inter-

215 2577 516 2642 capedinis
541 2579 691 2629 inter
718 2575 989 2630 octavam
1014 2576 1325 2642 Sphaeram
1351 2583 1406 2629 et
1432 2580 1716 2630 extimum
1744 2576 1833 2643 bui
1859 2578 2079 2639 orbem,
2107 2593 2227 2642 qua
2252 2583 2415 2643 parte

214 2650 381 2701 terris
406 2651 713 2713 proximus
738 2648 818 2710 fit,
846 2647 1117 2713 relinqui,
1144 2654 1208 2700 ut
1232 2648 1499 2701 ascensus
1525 2655 1581 2701 et
1606 2649 1906 2702 descensus
1931 2648 2326 2709 Planetarum,
2354 2650 2416 2700 in

214 2726 336 2773 tota
355 2719 458 2772 illa
477 2735 682 2773 annua
702 2722 1243 2786 circumgyratione,
1271 2722 1655 2785 capacitatem
1676 2720 1794 2773 fine
1818 2720 2238 2786 impedimento
2260 2735 2414 2772 com-

214 2798 526 2857 petentem,
556 2794 822 2844 invenire
851 2792 1026 2857 possit,
1055 2791 1232 2856 idque
1260 2790 1421 2857 spatij
1453 2791 1610 2844 orbis
1636 2791 1856 2845 Solaris
1881 2791 2235 2844 diametrum
2261 2791 2415 2843 adae·

216 2869 372 2929 quat.
394 2862 655 2916 Alterius
675 2861 959 2916 haefitatio
979 2861 1175 2915 adhuc
1194 2865 1412 2915 minori
1425 2865 1659 2928 negotio
1674 2863 1998 2923 resolvitur;
2018 2862 2078 2915 id
2092 2865 2253 2914 enim
2266 2878 2415 2915 nun-

216 2949 400 2999 quam
421 2933 550 2986 fieri
571 2934 766 2999 potest,
795 2934 954 3000 quod
976 2933 1610 2987 RULLENHAGIUS
1629 2941 1880 2995 veretur,
1906 2940 1970 2986 ut
1996 2949 2246 2999 corpora
2264 2933 2417 2986 Solis

217 3012 272 3058 et
296 3010 344 3065 ὁ·
356 3003 393 3040 ³³
410 3012 778 3068 concurrant,
800 3021 943 3059 nam
960 3005 1094 3057 licet
1113 3004 1284 3057 orbes
1303 3002 1482 3072 fic'titij
1507 3021 1715 3058 eorum
1731 3005 2058 3058 seinvicem
2078 3007 2140 3057 in
2160 3004 2415 3057 delinea-

215 3079 376 3128 tione
402 3076 711 3138 transeant‚
738 3084 940 3130 tamen
960 3092 1096 3128 cum
1116 3075 1217 3129 Sol
1237 3076 1313 3128 ad
1332 3075 1501 3128 illum
1520 3076 1719 3129 locum
1744 3079 2090 3142 pervenerit,
2116 3076 2218 3129 ubi
2243 3079 2415 3128 inter-

216 3145 388 3200 fectio
407 3148 511 3200 illa
529 3155 739 3201 mutua
757 3154 962 3201 notata
981 3154 1240 3212 apparet,
1263 3147 1517 3200 Martius
1537 3147 1634 3200 iste
1654 3148 1812 3201 orbis
1826 3148 2093 3201 Solarem
2110 3147 2283 3213 longe
2297 3147 2416 3200 alio

217 3222 280 3271 in
299 3219 431 3272 loco
451 3219 724 3280 transibit,
754 3226 808 3271 et
833 3219 992 3272 stella
1012 3218 1133 3283 ipsa
1162 3223 1211 3278 ἅ
1224 3216 1260 3253 ¹⁵
1279 3219 1627 3271 tantundem
1647 3235 1685 3272 a
1704 3219 1839 3272 Sole
1860 3219 2098 3281 distabit,
2127 3225 2415 3284 quantum

216 3293 380 3355 prius
400 3297 456 3343 et
475 3290 622 3343 alias
642 3290 882 3356 semper,
909 3290 1193 3356 liquidem
1219 3306 1358 3343 eum
1383 3297 1666 3356 perpetuo
1686 3293 1749 3343 in
1768 3290 1872 3344 suo
1892 3293 2137 3344 circuitu
2156 3305 2264 3356 pro
2285 3305 2415 3342 cen-

217 3368 306 3414 tro
333 3361 573 3427 respicit.
600 3362 944 3427 Impossibile
971 3363 1132 3415 enim
1155 3361 1230 3415 est
1250 3361 1782 3415 circumferentiam
1801 3362 2002 3416 circuli
2022 3363 2414 3484 centroHungri.

2276 3447 2313 3484 a
2354 3446 2415 3483 es
