2644 4030
109 1090 150 1124 10

109 1447 150 1480 15

377 289 678 342 TYCHO
706 289 828 342 AD
855 289 1087 343 IOAN.
1114 289 1311 342 ANT.
1339 289 1782 343 MAGINUM
1810 292 1830 342 l
1857 290 2047 344 DEC.
2076 291 2221 344 1590
2294 291 2397 344 297

198 435 440 492 venerit,
468 431 569 496 ipfi
594 447 698 496 per
724 432 839 484 loci
865 432 1361 493 commoditatem,
1389 439 1566 497 atque
1592 448 1718 485 rem
1745 449 1987 485 omnem
2005 440 2131 486 tuto
2153 449 2221 486 ac
2242 440 2398 486 certo

200 504 531 567 exequendi
560 503 898 555 facultatem
927 503 1132 568 praesto
1163 505 1265 556 esse
1295 519 1419 556 non
1447 507 1721 570 graveriS,
1750 511 1806 556 te
1835 511 2103 557 amanter
2129 511 2398 570 rogatum

198 573 360 626 volo:
381 581 509 626 tum
529 590 766 639 quoque
780 574 822 626 fi
836 590 972 639 quae
986 574 1106 627 alia
1118 590 1254 627 meo
1268 578 1512 627 nomine
1527 575 1894 640 expedienda
1907 577 2399 641 procurandaque

199 648 261 696 in
280 645 337 697 se
356 648 654 709 receperit,
675 652 739 697 ut
759 648 938 698 etiam
956 648 1020 697 in
1040 648 1111 711 ijs
1132 646 1425 708 omnibuS,
1450 646 1663 712 quibus
1683 653 1853 699 tuum
1873 650 2087 712 expetit
2108 663 2243 699 cum
2263 663 2398 699 con-

198 716 322 768 filio
343 717 651 777 auxilium,
672 716 757 768 illi
776 716 1178 769 sublevantem
1197 733 1442 783 operam
1461 734 1586 770 non
1605 718 1895 784 denegare
1908 720 2078 771 velis:
2102 719 2260 783 quod
2276 726 2330 771 et
2344 725 2399 770 te

199 802 583 852 nequaquam
607 785 900 840 facturum
926 803 999 840 ex
1024 791 1210 840 animi
1229 792 1315 841 tui
1335 792 1660 855 integritate
1682 796 1737 842 et
1757 790 1828 842 de
1848 806 1944 842 me
1964 790 2114 843 bene
2134 790 2400 842 merendi

199 859 514 924 cupiditate
534 858 682 910 mihi
701 859 804 923 ipfi
823 858 1120 924 polliceor.

270 930 565 983 Succurrit
589 945 766 992 nunc,
793 931 954 995 quod
979 931 1304 996 aliquando
1329 934 1392 983 in
1417 932 1856 997 Prolegomenis
1881 932 2247 985 Tabularum
2273 940 2398 984 tua-

199 1017 333 1053 rum
359 1001 768 1054 Secundorum
792 1002 1114 1055 Mobilium
1137 1002 1397 1068 legerim,
1424 1010 1480 1055 te
1507 1019 1643 1055 cum
1668 1003 2069 1056 laudatissimae
2094 1007 2400 1056 memoriae

199 1073 301 1125 illo
328 1073 749 1126 DOMINICO
777 1073 1042 1125 MARIA
1069 1074 1450 1135 Ferrariense,
1478 1075 1906 1128 COPERNICI
1931 1076 2312 1140 Praeceptore,
2338 1078 2401 1127 in

200 1145 410 1196 eadem
430 1145 533 1197 esse
553 1144 853 1206 sententia,
881 1145 1041 1209 quod
1063 1144 1400 1198 latitudines
1420 1145 1690 1198 locorum
1708 1146 2005 1199 successive
2025 1147 2401 1211 aliquatenus

198 1222 516 1277 mutentur,
538 1223 593 1268 et
612 1219 871 1268 rationes
891 1216 1008 1268 illic
1026 1232 1100 1268 ex
1117 1217 1327 1269 eodem
1339 1216 1581 1282 proferS,
1604 1217 1817 1282 quibus
1832 1218 1891 1270 id
1903 1218 2238 1282 persuaderi
2251 1219 2401 1283 posse

200 1287 506 1347 existimaS,
534 1303 683 1352 quas
702 1294 903 1340 tamen
924 1303 1031 1353 ego
1054 1287 1376 1353 (utriusque
1396 1287 1648 1340 vestrum
1667 1304 1812 1354 pace
1833 1289 2104 1352 dixerim)
2126 1305 2250 1341 non
2269 1289 2402 1341 satis

199 1358 426 1411 validas
439 1365 494 1411 et
504 1365 660 1411 ratas
672 1358 914 1419 aestimo;
931 1359 1209 1424 quodque
1219 1359 1279 1411 id
1290 1374 1675 1424 nequaquam
1686 1363 1935 1421 eveniat,
1951 1360 2091 1412 alibi
2105 1361 2404 1413 evidenter

200 1429 526 1482 ostensurus
540 1430 683 1482 sum.
706 1430 879 1482 Certe
893 1430 1015 1482 sola
1029 1430 1235 1491 Roma,
1257 1446 1392 1495 quae
1413 1431 1666 1484 eandem
1684 1431 1868 1483 ferme
1889 1431 2101 1493 adhuc,
2124 1446 2196 1483 ex
2216 1431 2402 1483 obser-

198 1504 437 1554 vatione
451 1501 1102 1562 REGIOMONTANI,
1124 1518 1308 1566 quam
1322 1502 1466 1554 olim
1482 1502 1718 1565 PLINIJ
1737 1509 2017 1568 tempore,
2039 1518 2143 1567 per
2162 1518 2402 1568 propor-

199 1576 423 1625 tionem
449 1576 763 1638 gnomonis
790 1579 845 1625 et
870 1573 1098 1625 umbrae
1123 1571 1276 1626 facta
1301 1573 1780 1639 pervestigatione
1809 1574 2011 1639 (modo
2032 1576 2214 1626 centri
2234 1574 2402 1634 Solis,

199 1660 324 1696 non
343 1644 630 1709 supremae
650 1643 976 1709 superficiei
995 1647 1145 1697 ratio
1165 1643 1477 1709 habeatur)
1503 1648 1712 1698 retinet
1734 1646 2123 1706 latitudinem,
2151 1645 2402 1698 altitudi-

200 1731 305 1768 nes
337 1715 571 1781 polares
603 1731 728 1768 non
758 1718 976 1769 variari
1008 1717 1367 1781 comprobat.
1405 1717 1716 1770 PLINIUS
1750 1720 1910 1769 enim
1942 1716 2118 1769 Libro
2149 1717 2403 1769 secundo

106 1802 187 1845 205·
202 1787 508 1839 Naturalis
528 1787 820 1848 Historiae,
842 1803 966 1852 cap.
982 1788 1052 1841 72
1072 1787 1246 1840 refert
1264 1787 1369 1840 suo
1388 1795 1653 1853 tempore
1667 1787 2026 1854 AEquinod'tij
2050 1789 2144 1841 die
2164 1791 2228 1840 in
2242 1789 2403 1841 Urbe

107 2161 153 2196 25

109 2613 155 2648 30

110 2994 155 3028 35

110 3289 157 3324 40

202 1859 391 1911 Roma
421 1874 648 1911 nonam
679 1866 906 1924 partem
939 1858 1281 1912 Gnomonis
1312 1859 1544 1912 defuisse
1575 1860 1820 1912 umbrae.
1861 1861 1999 1912 Erat
2033 1863 2232 1924 itaque
2264 1867 2404 1912 tunc

200 1934 364 1982 iuxta
389 1930 768 1983 Geometrica
792 1933 1102 1984 ratiocinia
1127 1930 1374 1984 altitudo
1400 1930 1553 1985 Solis
1577 1931 1909 1984 meridiana
1934 1938 2079 1996 part.
2106 1932 2176 1984 48
2203 1932 2288 1983 M.
2316 1931 2402 1990 22,

201 2002 378 2066 idque
406 2001 604 2066 quoad
630 2002 969 2067 supremum
995 2005 1122 2055 eius
1147 2002 1412 2055 limbum.
1441 2002 1643 2067 Quare
1666 2002 1952 2056 subtradta
1974 2003 2404 2055 semidiametro

201 2076 510 2138 apparenti
523 2076 891 2126 minutorum
904 2074 977 2134 16,
994 2074 1187 2126 evadit
1201 2073 1449 2126 altitudo
1463 2077 1644 2126 centri
1658 2082 1803 2139 part.
1815 2074 1885 2127 48
1900 2074 1986 2126 M.
1998 2074 2048 2134 6,
2062 2073 2405 2138 AEquatoris

202 2145 419 2197 ibidem
444 2144 892 2197 inclinationem
918 2147 1042 2197 una
1066 2145 1506 2210 repraesentanS.
1533 2145 1662 2198 Nec
1685 2143 1973 2198 Refrafflo
2001 2151 2057 2198 et
2081 2145 2404 2198 Parallaxis

203 2216 422 2268 Solaris
451 2215 548 2268 hic
578 2217 884 2281 quidpiam
911 2215 1187 2269 sensibilis
1216 2216 1563 2270 discriminis
1588 2219 1876 2283 ingerunt,
1908 2233 2043 2269 cum
2068 2216 2124 2268 se
2149 2219 2404 2268 invicem

201 2287 322 2339 fere
338 2287 659 2340 eliminent.
681 2288 887 2340 Romae
900 2291 1100 2353 itaque
1114 2287 1362 2340 latitudo
1375 2288 1514 2341 hinc
1527 2291 1798 2353 provenit
1811 2295 1956 2354 part.
1970 2289 2029 2340 41
2044 2288 2130 2340 M.
2146 2289 2230 2341 54.
2247 2288 2405 2341 Cum

202 2359 314 2411 hac
335 2359 969 2412 REGIOMONTANI
990 2359 1456 2412 observationem
1476 2360 1843 2413 antecedenti
1863 2375 1995 2413 aevo
2016 2360 2221 2412 Romae
2241 2359 2404 2411 habi-

201 2437 323 2483 tam
342 2430 605 2496 sequenti
624 2431 805 2483 modo
826 2430 1214 2483 conferemus

1106 2597 1346 2651 ANNO
1372 2598 1501 2650 1462

1059 2678 1186 2721 IAN
1199 2677 1404 2730 UARIJ
1430 2678 1554 2721 DIE

239 2926 474 2970 Altitudo
500 2933 545 2978 Θ
573 2927 757 2970 merid.

240 2986 528 3029 Parallaxis
553 2987 673 3030 add.

242 3044 500 3089 Refratstio
522 3046 650 3089 subt.

240 3104 474 3148 Altitudo
495 3104 736 3149 correcta

242 3164 419 3207 Locus
439 3163 572 3207 Solis
592 3164 765 3208 noster

243 3222 536 3267 Declinatio
558 3223 791 3267 eiusdem

242 3282 476 3326 Altitudo
496 3282 808 3337 AEquatoris

243 3342 477 3385 Elevatio
497 3342 605 3386 Poli
625 3342 842 3397 quaefita

351 3438 397 3474 ³⁸
2253 3440 2408 3492 Cum
