2644 4030
271 321 376 373 202
804 317 1243 371 EPISTOLAE
1267 317 1939 371 ASTRONOMICAE

270 462 522 526 ideoque
544 460 874 512 occasiones
896 466 950 512 et
970 462 1294 520 ratiocinia,
1315 466 1443 511 tum
1464 462 1641 512 etiam
1659 460 2037 525 particularia
2056 460 2333 525 quaedam
2351 460 2470 514 huc

270 533 544 585 facientia
574 534 935 593 omittuntur,
969 534 1091 583 imo
1120 531 1349 583 nullam
1378 530 1526 582 forte
1556 533 1683 583 eius
1711 533 2070 584 inventionis
2098 534 2162 584 in
2189 531 2291 584 isto
2319 531 2469 585 libro

270 606 634 655 mentionem
660 601 920 662 fecissem,
948 602 1024 654 ad
1051 617 1201 666 opus
1221 601 1697 654 Astronomicum
1725 617 1875 664 eam,
1901 602 2004 655 ubi
2024 606 2470 655 convenientius

269 674 467 726 locum
487 680 825 734 mereretur,
846 673 1213 734 reservand0‚
1234 672 1340 724 nili
1360 673 1523 737 quafi
1541 688 1613 724 ex
1629 673 1911 739 praesagio
1932 674 2194 738 quodam
2213 674 2288 736 id,
2310 674 2470 739 quod

270 745 417 797 mihi
436 748 558 797 iam
578 745 801 804 accidit,
823 746 1042 796 veritus
1061 743 1298 804 fuissem‚
1326 744 1475 796 alios
1494 759 1709 809 nempe
1730 760 1865 797 mea
1886 744 2036 797 mihi
2058 747 2300 798 inventa
2321 761 2468 811 prae-

270 823 554 880 repturos.
576 816 680 868 Sin
700 822 900 867 autem
917 815 1217 867 Dominus
1233 814 1575 868 CURTIUS
1594 815 1697 868 illa
1716 818 1780 867 in
1799 815 1955 868 hanc
1974 815 2320 868 sententiam
2338 832 2470 881 pro-

269 888 415 948 tulit,
439 887 598 952 quod
618 886 857 951 ipsemet
876 901 1002 938 non
1020 893 1143 939 tam
1161 886 1348 939 subito
1363 887 1435 938 de
1449 902 1586 939 mea
1598 886 2010 952 hypothesium
2024 890 2321 940 neoterica
2335 903 2471 940 con-

269 959 557 1010 stitutione
578 958 863 1009 iudicium
882 960 1277 1022 pronunciare
1293 957 1449 1018 velit,
1470 957 1565 1009 sed
1582 957 1728 1010 illud
1744 961 1956 1022 potiuS,
1978 959 2166 1011 donec
2180 974 2271 1011 res
2285 961 2471 1022 magis

270 1035 486 1082 attente
506 1027 801 1094 perspecta
820 1028 1009 1090 fuerit,
1031 1028 1282 1090 differre,
1305 1044 1376 1081 ea
1394 1044 1513 1093 qua
1526 1030 1805 1094 praeditus
1821 1029 1895 1081 est
1908 1030 2220 1094 prudentia
2237 1032 2470 1090 eximia,

270 1101 594 1153 admodum
624 1099 880 1152 consulte
910 1100 1064 1161 fecit3
1095 1115 1237 1153 nam
1267 1106 1322 1152 et
1349 1100 1615 1165 plerique
1642 1100 1790 1153 alias
1817 1101 2028 1153 eruditi
2053 1103 2116 1153 in
2144 1101 2473 1154 Germania

269 1175 397 1233 viri,
425 1173 569 1224 dum
587 1187 649 1223 re
671 1174 837 1223 omni
856 1187 980 1223 non
1000 1171 1134 1224 satis
1153 1172 1398 1236 provide
1420 1178 1475 1223 et
1493 1171 1729 1224 solerter
1749 1171 2002 1236 expensa
2022 1172 2094 1224 de
2113 1175 2262 1225 meis
2287 1172 2471 1238 hypo-

269 1243 521 1295 thesibus
548 1243 832 1295 iudicium
856 1245 1290 1308 praecipitarint,
1318 1245 1381 1295 in
1406 1245 1604 1295 varios
1631 1258 1899 1295 errorum
1926 1250 1980 1296 et
2005 1245 2328 1309 praeiudicij
2354 1243 2471 1296 sco-

270 1314 442 1379 pulos
468 1317 852 1379 impegerunt.
881 1314 1143 1378 Quidam
1164 1330 1239 1366 ne
1261 1314 1483 1367 Martia
1504 1313 1663 1367 stella
1683 1313 1806 1367 Soli
1825 1317 1889 1366 in
1907 1314 2040 1367 loco
2061 1313 2361 1367 contactus
2381 1330 2472 1367 or-

269 1386 435 1438 bium
456 1385 780 1450 aliquando
802 1393 1068 1438 occurrat
1088 1385 1438 1450 cursumque
1458 1392 1734 1438 mutuum
1757 1386 2054 1451 impediat,
2081 1386 2286 1439 frustra
2303 1388 2474 1438 veriti

270 1457 414 1518 sunt,
443 1473 578 1509 cum
597 1458 657 1509 id
676 1473 988 1522 nunquam
1009 1460 1344 1523 contingere
1363 1458 1539 1521 possit,
1560 1456 1860 1522 siquidem,
1881 1457 2239 1522 ubicumque
2260 1457 2473 1510 Martis

271 1528 423 1581 fidus
437 1531 500 1579 in
513 1528 616 1580 suo
632 1531 874 1580 circuitu
888 1528 1164 1589 versatur,
1186 1528 1385 1581 Solem
1402 1544 1510 1593 pro
1525 1535 1725 1580 centro
1739 1528 2017 1593 respiciat.
2041 1528 2472 1582 Circumferen-

270 1603 415 1652 tiam
434 1615 575 1651 vero
597 1606 652 1651 et
672 1606 938 1651 centrum
959 1600 1158 1652 circuli
1178 1602 1335 1652 uniri
1351 1602 1453 1664 qui
1467 1599 1597 1651 fieri
1609 1598 1804 1664 possit?
1825 1599 2087 1664 Quidam
2099 1602 2473 1661 vacuitatem,

272 1686 408 1735 quae
436 1670 511 1722 est
536 1673 598 1722 in
624 1670 813 1736 figura
837 1673 956 1722 mei
981 1671 1113 1723 libri
1138 1673 1290 1723 inter
1316 1671 1520 1723 orbem
1543 1670 1581 1736 b
1606 1678 1660 1723 et
1680 1671 1961 1724 Fixarum
1980 1671 2272 1736 sphaeram
2292 1670 2367 1724 ab
2387 1674 2473 1723 in·

271 1742 470 1794 feriori
501 1748 681 1807 parte,
714 1745 912 1794 minus
945 1745 1300 1795 concinnam
1331 1742 1573 1794 reddere
1604 1741 2001 1808 symmetriam
2032 1742 2313 1808 suspicati,
2349 1758 2473 1794 non

272 1814 831 1874 animadverterunt,
865 1813 1000 1866 Sole
1029 1816 1093 1865 in
1121 1813 1369 1866 alteram
1401 1813 1557 1865 orbis
1588 1813 1675 1865 sui
1705 1820 1933 1879 partem
1965 1815 2303 1874 convoluto,
2337 1829 2474 1878 quae

271 1887 434 1949 prius
459 1900 650 1936 vacua
677 1884 1053 1949 putabantur,
1083 1885 1409 1949 adimpleri.
1442 1885 1688 1949 Oportet
1717 1888 1893 1945 enim,
1923 1893 1987 1937 ut
2015 1885 2276 1950 spacium
2304 1884 2473 1937 undi-

273 1971 509 2020 quaque
533 1956 901 2020 relinquatur
920 1956 1053 2008 satis
1072 1956 1357 2021 amplum,
1385 1971 1505 2020 quo
1527 1956 1785 2008 Planetae
1805 1956 2131 2021 superiores
2155 1972 2261 2022 per
2287 1971 2472 2021 quan-

270 2030 495 2079 titatem
521 2027 791 2079 diametri
817 2027 974 2079 orbis
1000 2027 1221 2079 Solaris
1251 2027 1377 2092 (qui
1404 2027 1708 2093 Epicyclos
1733 2034 2002 2080 veterum
2031 2036 2086 2080 et
2112 2034 2342 2080 motum
2370 2043 2473 2079 an-

271 2114 462 2150 nuum
472 2097 671 2150 Terrae
688 2099 846 2163 apud
859 2098 1392 2151 COPERNICUM
1409 2098 1664 2162 excusat)
1680 2097 1939 2163 respectu
1953 2093 1975 2168 ΙΙ
1989 2097 2214 2152 octavae
2227 2098 2473 2164 sphaerae

273 2176 328 2221 et
346 2169 546 2221 Terrae
572 2185 732 2221 nunc
759 2170 1059 2234 assurgant‚
1087 2186 1247 2222 nunc
1266 2185 1409 2222 vero
1429 2169 1796 2222 descendant.
1825 2170 2087 2234 Quidam
2113 2170 2472 2236 retrograda·

271 2243 461 2293 tiones
477 2248 531 2292 et
544 2240 814 2293 stationes
829 2241 1207 2294 Planetarum
1221 2256 1345 2293 non
1359 2241 1491 2294 satis
1505 2241 1762 2306 apposite
1776 2240 1850 2293 fic
1863 2241 2074 2294 salvari
2088 2245 2312 2307 opinati
2327 2241 2474 2303 sunt,

273 2327 408 2364 cum
419 2311 569 2364 nihil
579 2311 642 2364 fit
654 2315 1100 2365 convenientius
1111 2329 1123 2374 ;
1139 2329 1280 2365 nam
1293 2312 1535 2378 quilibet
1545 2313 1913 2378 superiorum
1924 2313 2318 2375 Planetarum,
2331 2313 2475 2366 dum

274 2383 473 2435 Solem
492 2384 712 2448 ubique
732 2384 863 2436 loco
885 2387 1068 2436 centri
1088 2384 1328 2449 respicit,
1355 2399 1460 2450 per
1483 2385 1754 2437 accidens
1775 2384 2117 2451 Epicyclum
2135 2387 2324 2437 motui
2342 2399 2474 2450 pro-

272 2457 401 2519 prio
427 2454 723 2517 immiscet,
755 2462 810 2507 et
839 2471 1047 2508 omnes
1073 2455 1203 2508 istas
1230 2457 1529 2520 passioneS‚
1561 2471 1696 2520 quae
1722 2470 1827 2521 per
1854 2456 2156 2522 Epicyclos
2186 2456 2374 2509 reales
2399 2456 2474 2508 ab

273 2528 530 2591 antiquis
551 2527 958 2591 expediuntur,
980 2533 1082 2579 aut
1103 2530 1281 2579 etiam
1298 2543 1402 2592 per
1418 2527 1881 2579 anniversariam
1894 2527 2093 2580 Terrae
2109 2527 2473 2580 convolutio-

272 2613 411 2649 nem
425 2598 584 2662 apud
600 2598 1150 2658 COPERNICUM,
1172 2598 1244 2651 fic
1266 2599 1474 2651 eadem
1493 2598 1701 2659 forma,
1724 2601 2048 2663 quantitate
2069 2605 2125 2651 et
2144 2599 2354 2651 eodem
2375 2601 2474 2651 eti-

274 2684 373 2720 am
397 2676 661 2734 tempore
688 2671 964 2734 aptissime
990 2669 1119 2721 fieri
1144 2671 1383 2735 possunt.
1412 2669 1674 2733 Quidam
1694 2670 1906 2723 Martis
1931 2670 2153 2723 stellam
2178 2673 2345 2722 terris
2371 2669 2474 2723 ali-

275 2740 532 2804 quando,
560 2756 695 2793 cum
714 2741 984 2793 videlicet
1004 2741 1341 2807 acronycha
1361 2741 1451 2801 est,
1478 2741 1601 2806 ipso
1622 2741 1758 2794 Sole
1781 2744 2119 2806 propiorem
2144 2742 2323 2802 reddi,
2350 2756 2475 2793 non

273 2811 406 2863 satis
428 2818 620 2863 tutum
642 2819 696 2864 et
717 2816 1077 2864 conveniens
1098 2814 1202 2864 esse
1221 2815 1560 2873 timuerunt,
1589 2828 1725 2865 cum
1746 2813 1805 2865 id
1825 2812 1946 2877 ipsa
1965 2828 2076 2865 nos
2097 2813 2358 2865 docuerit
2378 2828 2473 2864 ex-

273 2884 574 2947 perientia.
599 2883 774 2935 Unde
795 2887 973 2936 etiam
992 2899 1116 2935 non
1135 2886 1385 2936 minima
1405 2885 1593 2936 caussa
1611 2884 1735 2945 fuit,
1757 2899 1893 2949 quae
1912 2899 2009 2936 me
2030 2884 2106 2937 ad
2125 2883 2474 2950 hypotheses

273 2953 347 3004 fic
374 2953 733 3006 ordinandas
759 2955 965 3020 adegit,
993 2971 1068 3007 ne
1089 2955 1273 3007 Terra
1297 2955 1472 3007 instar
1491 2955 1641 3007 Astri
1666 2956 1877 3020 triplici
1896 2962 2079 3016 motu,
2107 2970 2243 3007 cum
2262 2954 2327 3007 fit
2344 2957 2474 3007 uni-

276 3039 410 3075 cum
426 3031 480 3076 et
493 3024 734 3089 simplex
749 3042 961 3091 corpus
976 3026 1418 3091 admodumque
1432 3027 1678 3091 grossum
1699 3034 1753 3078 et
1772 3042 1964 3092 grave,
1985 3041 2111 3086 nec,
2133 3032 2196 3078 ut
2216 3026 2476 3079 aetherea

275 3094 379 3146 illa
395 3095 640 3156 lumina,
662 3097 737 3148 ad
754 3104 1039 3161 perpetuo
1053 3098 1417 3150 movendum
1434 3097 1631 3149 habile
1646 3100 1708 3150 in
1721 3098 1919 3150 medio
1934 3096 2187 3150 universi
2202 3097 2325 3161 (ubi
2340 3112 2474 3150 eam

274 3165 444 3229 super
463 3166 761 3219 stabilitate
782 3168 885 3220 sua
906 3168 1121 3233 opifex
1145 3169 1408 3221 summus
1433 3168 1725 3233 fundavit)
1745 3184 1821 3221 ne
1841 3175 2151 3221 moveatur
2169 3171 2232 3220 in
2252 3167 2473 3228 seculis,

277 3236 568 3300 quiescere
593 3239 751 3302 possit
778 3246 832 3290 et
857 3246 1144 3304 tanquam
1170 3243 1399 3305 patiens
1423 3240 1712 3292 coelorum
1738 3239 2078 3292 influentias
2098 3237 2317 3292 activas
2335 3241 2399 3291 in
2417 3238 2473 3291 se

275 3310 533 3371 recipere
560 3316 736 3372 atque
762 3309 866 3361 suo
886 3310 1143 3363 Archaeo
1171 3318 1542 3376 cooperante,
1569 3311 1852 3363 terrestria
1878 3311 2155 3375 quaedam
2182 3310 2268 3374 (ut
2292 3309 2366 3362 fic
2391 3310 2473 3362 di-

277 3378 430 3442 cam)
452 3378 615 3439 astra,
636 3379 1030 3444 superioribus
1048 3382 1293 3445 pulchre
1314 3382 1567 3447 analoga
1586 3382 1976 3435 indesinenter
1996 3381 2383 3441 conformare,
2410 3387 2475 3433 ut

2265 3467 2473 3504 verum

2524 1117 2568 1152 10

2525 1472 2568 1509 15

2522 1830 2570 1866 20

2517 2108 2576 2152 ὃν

2522 2188 2569 2223 25

2523 2543 2570 2579 30

2522 2899 2569 2936 35

2521 3255 2569 3290 40
