2644 4030
261 292 566 347 TYCHO
586 293 709 346 AD
729 292 1271 348 THADDAEUM
1291 294 1778 349 HAGECIUM
1799 298 1820 348 1
1841 297 2041 350 NOV.
2063 299 2209 352 1589
2282 299 2387 352 207

84 442 143 487 9v
185 435 489 500 gressiones
509 435 583 488 ab
604 451 676 488 eo
696 451 821 488 non
839 436 1059 501 ubique
1080 436 1364 489 consimili
1383 438 1511 504 lege
1532 437 1825 500 exhibere,
1841 434 1862 507 ΙΙ
1880 440 2386 504 quemadmodum

184 521 294 558 nee
308 506 495 568 Luna,
517 522 653 572 quae
667 506 915 560 Terram
933 508 1332 574 principaliter
1350 511 1413 561 in
1431 509 1536 561 sua
1549 509 1968 563 convolutione
1983 511 2262 565 observat.
2284 513 2386 565 At-

184 583 386 629 tamen
404 577 543 630 hinc
563 593 687 631 non
706 578 978 644 sequitur,
1004 579 1237 644 prorsus
1263 580 1601 645 impossibile
1629 581 1750 642 esse,
1779 581 2162 634 Cometarum
2190 590 2388 636 motus

183 647 286 700 sub
318 664 594 701 normam
625 649 891 714 aliquam
919 665 1024 714 per
1053 653 1505 703 convenientem
1536 650 1884 718 hypothefin
1915 653 2191 718 redigere.
2226 655 2388 707 Nam

114 735 137 771 ⁵
186 719 346 783 quod
371 735 495 771 non
520 727 671 772 totas
697 722 972 786 periodos
1000 721 1298 774 absolvere
1328 720 1668 787 spectentur,
1699 722 2103 776 difficultatem
2131 726 2386 778 nonnul-

183 790 306 842 lam
325 793 389 842 in
408 798 576 843 motu
596 806 805 843 eorum
825 792 1150 857 regulando
1170 792 1431 858 suggerit,
1453 793 1876 859 possibilitatem
1896 810 2138 847 omnem
2152 812 2276 848 non
2291 812 2386 849 ex-

184 861 378 914 cludit.
401 861 489 914 Ex
508 861 712 927 aliqua
729 865 889 915 enim
905 866 1174 928 portione
1191 864 1391 916 circuli
1405 864 1542 917 data
1556 865 1628 917 de
1642 872 1765 918 tota
1778 869 1905 918 eius
1920 867 2388 920 circumferentia

184 939 581 997 competenter
606 936 944 987 ratiocinari
970 935 1240 999 adeoque
1268 943 1534 987 centrum
1558 938 1685 988 eius
1708 939 1974 990 invenire
1994 953 2119 990 non
2140 938 2215 991 est
2234 940 2386 991 adeo

184 1002 491 1057 ἀδύνατον.
522 1004 872 1057 Memineris
901 1020 1127 1066 eorum,
1158 1021 1294 1070 quae
1321 1021 1394 1058 ex
1420 1006 1673 1072 Epistola
1701 1009 1961 1072 quadam
1990 1009 2203 1061 summi
2227 1010 2386 1063 illius

94 1090 137 1125 10
187 1073 616 1127 COPERNICI
640 1078 794 1128 circa
812 1075 969 1129 hanc
988 1092 1115 1129 rem
1135 1079 1331 1130 citavi:
1363 1078 1489 1130 »Ea
1511 1092 1651 1145 quae
1670 1078 1879 1146 aliquo
1896 1081 2080 1133 modo
2101 1081 2386 1134 determi-

183 1147 335 1198 nata
352 1143 514 1212 sunt,
541 1145 852 1200 infinitam
876 1146 1187 1202 rationem
1212 1148 1447 1202 habere
1471 1163 1598 1202 non
1619 1147 1797 1216 posse,
1816 1148 1968 1217 sunt
1987 1150 2199 1218 itaque
2223 1167 2385 1206 com·

177 1214 666 1283 prehenfibilia«.
690 1218 758 1270 Et
776 1219 1115 1283 exemplum
1134 1219 1310 1279 addit,
1332 1220 1836 1284 quemadmodum
1857 1221 1898 1273 fi
1917 1237 2022 1287 per
2039 1226 2150 1276 tria
2169 1222 2387 1288 puncta

183 1303 308 1340 non
326 1287 648 1341 secundum
668 1288 886 1343 rectam
908 1290 1130 1343 lineam
1156 1290 1295 1343 data
1319 1291 1789 1344 circumferentia
1814 1293 2077 1354 ducatur,
2104 1310 2228 1346 non
2253 1295 2386 1348 licet

183 1358 364 1412 aliam
377 1359 843 1425 superinducere,
856 1377 992 1425 quae
1005 1364 1198 1414 maior
1207 1361 1303 1414 vel
1315 1365 1512 1414 minor
1524 1362 1698 1415 fuerit
1710 1366 1874 1427 prius
1887 1364 2217 1418 transmissa.
2234 1366 2386 1419 Haec

91 1446 134 1482 1⁵
183 1431 508 1484 admodum
527 1431 660 1484 scite
682 1438 737 1484 et
755 1430 907 1485 redte
927 1433 1002 1484 ab
1022 1432 1125 1484 illo
1144 1432 1351 1497 scripta
1370 1432 1515 1486 sunt.
1544 1433 1614 1486 Et
1633 1433 1674 1485 fi
1694 1449 1786 1486 res
1805 1437 1888 1487 ita
1906 1434 1962 1487 se
1982 1451 2106 1487 non
2126 1436 2384 1498 haberet,
2451 1479 2455 1482 .

183 1503 486 1566 quomodo
506 1502 821 1555 affixarum
841 1503 1136 1556 stellarum
1155 1511 1386 1556 motum
1406 1520 1676 1570 unquam
1694 1505 2080 1558 scrutabimur
2096 1510 2278 1559 autin
2295 1524 2384 1561 ra-

181 1575 406 1625 tionem
431 1580 649 1626 certam
674 1574 1022 1640 redigemuS‚
1050 1590 1123 1627 ex
1148 1590 1269 1640 quo
1295 1575 1370 1628 ab
1397 1591 1470 1628 eo
1495 1583 1776 1641 tempore,
1804 1592 1925 1642 quo
1951 1577 2385 1631 observationes

183 1646 336 1697 circa
357 1644 468 1697 has
487 1647 889 1706 innotuerunt,
910 1649 1010 1698 vix
1030 1647 1150 1698 duo
1171 1646 1684 1708 Dodecatemoria‚
1711 1647 1932 1700 sextam
1957 1651 2165 1715 integri
2185 1651 2386 1702 circuli

181 1722 409 1780 partem
436 1716 687 1769 emensae
713 1716 854 1769 fint?
879 1717 1013 1769 licet
1031 1733 1174 1770 vero
1196 1721 1260 1770 in
1283 1733 1490 1771 earum
1510 1719 1802 1772 curriculo
1824 1720 2174 1785 explicando
2193 1724 2386 1774 maior

87 1802 134 1838 20
181 1786 359 1840 lateat
378 1787 708 1848 difficultaS,
736 1804 918 1853 quam
937 1786 1223 1842 hactenus
1243 1805 1282 1859 a
1300 1805 1606 1855 quoquam
1626 1791 2102 1844 animadversum
2123 1792 2213 1854 est,
2241 1799 2384 1846 atta-

180 1873 321 1910 men
340 1858 606 1924 aliquam
624 1859 991 1924 probabilem
1011 1866 1066 1912 et
1085 1863 1445 1927 apparentijs
1464 1864 1778 1926 praeteritis
1790 1862 1923 1915 satis
1944 1862 2279 1925 consonam,
2301 1865 2382 1916 id-

182 1944 372 1994 eoque
399 1937 455 1982 et
479 1929 706 1991 futuris,
734 1931 1100 1984 occasionem
1124 1935 1409 1993 invenire,
1437 1949 1557 1998 qua
1583 1948 1877 1998 apparens
1902 1937 1966 1986 in
1990 1941 2157 1987 motu
2177 1951 2384 1988 earum

181 2000 556 2066 inaequalitas
582 2001 885 2054 excusetur
910 2009 966 2056 et
990 2006 1326 2056 numeratio
1352 2003 1742 2056 observationi
1761 2005 1961 2057 multis
1982 2009 2125 2058 aevis
2146 2006 2382 2059 consen-

180 2074 299 2132 tiat,
328 2088 453 2125 non
482 2073 634 2125 duco
663 2073 1107 2138 inexplorabile,
1137 2077 1283 2139 quin
1309 2082 1364 2127 et
1388 2075 1563 2140 longe
1588 2078 1881 2128 minorem
1906 2079 1970 2128 in
1996 2077 2383 2130 Cometarum

86 2159 133 2193 2⁵
180 2150 348 2195 motu
368 2145 708 2197 extricando
729 2144 1149 2206 difficultatem,
1170 2146 1303 2198 licet
1317 2152 1373 2198 et
1387 2161 1459 2199 ea
1472 2162 1595 2198 non
1610 2149 1822 2212 exigua
1834 2147 1913 2208 fit,
1935 2147 2144 2200 subesse
2159 2149 2381 2210 cense0,

180 2213 464 2279 liquidem
483 2214 547 2267 hi
566 2215 755 2267 multo
776 2215 1022 2269 celerius
1041 2216 1127 2268 sui
1147 2217 1346 2269 cursus
1365 2220 1659 2269 tramitem
1683 2218 1952 2284 dirigunt,
1980 2219 2131 2271 adeo
2152 2226 2216 2272 ut
2234 2236 2381 2272 non-

180 2301 494 2350 nunquam
518 2289 674 2339 intra
699 2287 849 2339 duos
867 2287 964 2339 vel
982 2294 1096 2340 tres
1115 2287 1342 2340 menses
1363 2295 1636 2353 quartam
1657 2289 1792 2342 coeli
1818 2297 2060 2354 partem,
2088 2292 2382 2344 interdum

181 2355 330 2421 pluS,
359 2357 656 2409 interdum
680 2373 823 2410 vero
851 2361 1066 2419 minuS‚
1097 2361 1466 2420 emetiantur,
1497 2376 1631 2424 quae
1661 2361 1735 2413 ab
1765 2376 1889 2413 uno
1907 2361 2247 2426 ‘eodemque
2275 2362 2380 2414 ho-

180 2430 342 2480 mine
361 2428 525 2480 brevi
540 2435 803 2494 tempore
819 2432 1048 2494 concipi
1061 2431 1300 2494 possunt.
1321 2431 1390 2482 In
1404 2430 1597 2483 affixis
1610 2447 1752 2484 vero
1766 2431 2044 2484 fideribus
2058 2433 2383 2485 multorum

86 2514 133 2550 30
182 2514 314 2551 aevo
329 2515 479 2564 opus
495 2499 569 2551 est
584 2507 639 2552 et
652 2500 921 2565 plurimis
934 2501 1328 2565 plurimorum
1342 2517 1640 2554 annorum
1653 2504 2089 2568 intercapedine
2105 2505 2381 2570 congestis

72 2578 151 2621 10r
182 2569 699 2632 observationibuS,
721 2587 857 2636 quae
878 2587 1014 2624 cum
1034 2572 1107 2624 ab
1129 2573 1261 2638 alijs
1280 2580 1458 2638 atque
1478 2573 1609 2639 alijs
1624 2569 1645 2642 ΙΙ
1658 2574 1996 2627 Artificibus
2013 2590 2137 2628 non
2152 2579 2281 2641 pari
2299 2576 2380 2628 di-

180 2641 419 2707 ligentia
438 2645 878 2707 conquirantur,
899 2646 1193 2696 maximos
1212 2644 1310 2696 hic
1329 2644 1694 2710 labyrinthos
1714 2646 1939 2698 involvi
1958 2647 2147 2707 vide0,
2174 2647 2307 2699 licet
2327 2654 2382 2699 et

179 2711 244 2764 hi
271 2712 464 2765 solerti
491 2714 710 2766 iudicio
736 2721 791 2767 et
818 2717 1170 2779 competenti
1199 2714 1463 2767 adhibita
1490 2716 1839 2769 limitatione
1869 2717 2232 2770 extricabiles
2257 2718 2379 2770 fint.

180 2784 455 2836 Arduum
480 2787 681 2849 itaque
702 2785 777 2837 est
797 2793 852 2837 et
872 2785 1228 2838 difficultatis
1251 2801 1376 2839 non
1396 2802 1603 2852 expers
1623 2790 1686 2839 in
1707 2788 1986 2849 CometiS,
2014 2792 2116 2853 qui
2141 2789 2381 2854 plenam

85 2870 132 2906 35
180 2855 613 2908 revolutionem
629 2872 753 2909 non
769 2856 1095 2922 perficiunt,
1116 2864 1312 2909 motus
1331 2857 1710 2910 harmoniam
1730 2862 2102 2920 concinnare,
2123 2867 2183 2912 at
2202 2860 2379 2925 plane

103 2929 132 2972 ·1-
180 2927 518 2990 impossibile
538 2943 662 2979 non
683 2927 773 2980 est.
801 2927 1100 2988 Difficilia,
1129 2944 1264 2993 quae
1287 2929 1551 2994 pulchra,
1573 2938 1627 2982 et
1647 2930 1939 2983 viceversa
1959 2946 2095 2995 quae
2115 2931 2379 2996 pulchra,

180 2996 456 3050 difficilia.
471 2998 810 3051 Parallaxes
822 2999 1208 3052 Cometarum
1219 3003 1361 3052 citra
1375 3015 1616 3052 omnem
1632 3004 1843 3053 erroris
1855 3001 2239 3066 suspicionem
2253 3018 2379 3068 per-

179 3067 477 3121 sentiscere
491 3077 667 3134 atque
683 3070 1076 3123 demonstrare
1090 3086 1266 3135 grave
1282 3071 1373 3132 est,
1393 3079 1447 3124 et
1463 3075 1527 3124 in
1539 3071 1653 3124 hoc
1667 3075 1902 3138 negotio
1916 3075 2066 3125 inter
2079 3077 2380 3139 praecipua

180 3141 606 3203 reponendum.
623 3141 835 3206 Neque
851 3145 1027 3202 enim,
1040 3157 1175 3206 quae
1191 3143 1262 3194 de
1276 3141 1369 3194 his
1379 3143 1475 3195 vel
1485 3143 1559 3195 ab
1572 3146 1790 3196 eximio
1801 3144 1904 3196 illo
1916 3144 2378 3198 REGIOMON-

84 3226 167 3269 4o†
180 3208 400 3263 TANO
422 3211 648 3264 Franco
667 3212 763 3264 vel
782 3213 967 3265 nobili
987 3213 1404 3266 DIGESSAEO
1425 3215 1621 3279 Anglo
1642 3222 1743 3267 aut
1765 3218 1942 3267 etiam
1962 3231 2000 3268 a
2017 3223 2073 3268 te
2095 3224 2149 3268 et
2168 3216 2377 3269 WITI-

181 3281 384 3334 CHIO
405 3282 501 3334 vel
520 3283 833 3347 quibusviS,
861 3285 1021 3349 quod
1040 3283 1233 3344 sciam,
1261 3284 1392 3350 alijs
1411 3288 1475 3336 in
1493 3287 1757 3338 medium
1779 3285 2063 3351 producta
2080 3287 2226 3349 sunt,
2254 3303 2378 3340 om-

179 3352 419 3405 nimode
448 3360 571 3405 tam
595 3353 785 3407 subtili
813 3355 1172 3420 inquisitioni
1197 3355 1563 3419 satisfaciunt,
1592 3358 1770 3422 idque
1797 3373 1930 3410 eam
1957 3358 2276 3423 praesertim
2302 3360 2377 3411 ob

2111 3431 2377 3491 caussam,
