2664 4030
369 321 629 373 HENR.
658 319 1086 373 BRUCAEUS
1112 319 1234 372 AD
1261 319 1768 372 TYCHONEM
1794 319 1828 371 8
1854 319 2219 372 DEC.1576
2328 319 2396 371 43

168 441 173 445 ⁵
194 461 270 508 [Ex
289 462 533 509 apographo
553 460 598 498 in
619 461 763 499 codice
782 460 1105 498 Vindobonensi
1123 461 1193 497 lat.
1217 459 1389 505 1068666]

246 548 836 624 HENRICUS
879 546 1439 637 BRUCAEUS
1477 547 1641 621 AD
1679 546 2346 622 TYCHONEM

1151 651 1441 705 BRAHE.

1230 733 1280 777 S.
1307 733 1357 777 Ρ.

428 868 438 889 ί.
657 818 886 872 ERIUS
912 834 1095 884 quam
1116 819 1313 881 velim,
1339 818 1681 871 nobilissime
1707 819 2157 882 amicissimeque
2181 817 2255 871 D.
2269 817 2394 870 TY-

407 942 418 957 ,
485 898 584 978 *3
602 901 610 918 ¹
659 891 852 952 CHO,
872 893 989 943 tuis
1005 890 1186 943 literis
1200 890 1541 956 respondeo,
1563 889 1741 942 Nunc
1755 887 1961 943 nactus
1974 889 2175 942 idonei
2187 889 2395 942 Tabel-

656 962 786 1028 larij
809 961 1164 1027 potestatem,
1192 962 1324 1027 aliJ's
1346 960 1615 1026 sepofitiS,
1642 961 1718 1013 ad
1740 960 2108 1014 scribendum
2127 976 2224 1013 me
2244 961 2394 1014 dedi.

400 1066 414 1109 ff
434 1030 451 1041 χ
659 1034 729 1086 Et
748 1031 901 1086 recte
920 1040 986 1085 tu
1006 1033 1247 1098 quidem
1265 1032 1636 1085 inobservata
1655 1047 1888 1084 currere
1911 1031 2111 1092 fidera,
2139 1048 2249 1084 nec
2274 1039 2397 1116 tam

318 1200 339 1202 ff·
606 1174 620 1181 ”
656 1192 795 1229 vere
816 1176 1101 1237 dicantur,
1123 1175 1284 1240 quod
1304 1190 1523 1240 magna
1540 1190 1678 1240 pars
1696 1174 1985 1240 plerisque
2002 1174 2153 1226 nihil
2166 1175 2395 1240 agendo

191 1243 409 1306 effluat,
435 1252 638 1298 tamen
662 1247 817 1300 hisce
836 1247 1034 1312 studijs
1053 1245 1254 1300 ardtoa
1273 1246 1506 1299 Urania
1525 1248 1792 1298 occinere
1812 1246 2058 1298 videtur.
2086 1246 2223 1298 Hoc
2242 1246 2396 1299 latus

112 1328 140 1371 ἡ
189 1316 398 1368 mundi
418 1316 655 1370 nebulae
676 1318 949 1383 dirusque
970 1319 1229 1383 Iuppiter
1247 1323 1428 1383 urget.
1450 1316 1576 1368 Nifi
1594 1316 1742 1368 forte
1759 1317 2135 1369 Academici
2119 1333 2182 1369 1n
2198 1318 2397 1371 media

188 1387 320 1440 luce
342 1391 672 1451 caecutiunt,
700 1393 803 1455 qui
828 1389 1070 1442 umbras
1089 1386 1393 1449 sectantur,
1413 1387 1511 1440 vel
1529 1394 1594 1440 ut
1612 1390 1728 1439 tuis
1747 1388 1941 1440 verbis
1960 1394 2109 1449 utar,
2136 1387 2394 1441 formali-

188 1465 334 1511 tates
362 1459 681 1513 verborum
709 1463 999 1513 inanium.
1033 1459 1098 1512 Id
1130 1458 1435 1524 quomodo
1466 1461 1531 1511 in
1561 1458 1677 1511 hoc
1708 1456 1990 1511 doctrinae
2024 1474 2235 1524 genere
2267 1459 2396 1512 fieri

99 1549 178 1593 1⁵·1·
192 1537 385 1596 queat,
406 1533 470 1583 in
483 1547 604 1596 quo
618 1535 819 1585 ornari
833 1547 926 1584 res
940 1531 1063 1597 ipsa
1075 1537 1265 1597 negat,
1287 1536 1563 1583 contenta
1583 1530 1795 1590 doceri,
1817 1545 1943 1582 non
1961 1529 2260 1595 perspici0.
2282 1530 2397 1583 Sed

188 1601 303 1655 hoc
322 1601 470 1655 forte
495 1603 785 1670 intelligis,
812 1603 1153 1656 auditorum
1176 1601 1381 1655 oculos
1406 1604 1471 1654 in
1496 1600 1718 1654 coelum
1743 1602 1848 1654 esse
1875 1601 2267 1666 deducendOS,
2294 1609 2397 1654 aut

189 1673 378 1738 ipsum
397 1673 707 1727 docentem
725 1690 851 1727 non
870 1674 1082 1727 debere
1101 1673 1437 1726 scholastico
1450 1673 1694 1739 pulvere
1709 1679 2052 1726 contentum
2065 1675 2128 1725 in
2141 1672 2245 1725 illo
2260 1689 2395 1726 con-

187 1745 494 1798 senescere.
511 1745 634 1812 Ego
647 1746 762 1799 hoc
772 1761 910 1799 vere
922 1745 1221 1799 affirmare
1234 1746 1472 1810 possum,
1489 1744 1769 1810 quicquid
1779 1744 1946 1797 solidi
1957 1746 2021 1796 in
2032 1759 2104 1796 eo
2116 1743 2396 1798 doctrinae

187 1831 400 1883 genere
414 1816 568 1870 hisce
582 1817 946 1883 temporibus
959 1820 1023 1869 in
1036 1817 1232 1870 lucem
1244 1816 1544 1882 proditum
1558 1815 1649 1877 est,
1664 1815 1780 1869 hoc
1794 1815 1869 1868 ab
1877 1815 2250 1868 Academicis
2264 1832 2395 1881 pro-

92 1907 139 1943 20
187 1885 403 1940 fectum
418 1889 539 1942 esse.
555 1889 717 1942 Nam
732 1896 787 1942 et
799 1887 1316 1942 PURBACHIUS
1326 1887 1737 1940 AcademicuS.
1753 1887 1917 1940 Idem
1931 1886 2395 1940 REGIOMON-

75 1971 163 2015 79v
187 1956 1137 2029 TANUS,STOFLERUS.ssQuid
1146 1959 1218 2012 de
1228 1959 1687 2012 COPERNICO
1697 1959 1906 2018 dicam,
1917 1973 2095 2023 quem
2103 1959 2395 2011 Bononiae

188 2047 325 2084 cum
348 2031 770 2086 DOMINICO
795 2032 1061 2085 MARIA
1082 2031 1411 2092 observasse,
1438 2030 1645 2096 scripta
1666 2029 1771 2082 sua
1791 2029 2083 2090 testantur,
2111 2035 2167 2082 et
2189 2029 2395 2083 Romae

188 2104 433 2156 docuisse
447 2102 578 2156 sci0.
601 2103 682 2157 Ut
697 2106 932 2157 interim
947 2102 1505 2155 REINHOLDUM
1521 2108 1576 2154 et
1589 2100 2020 2154 RHETICUM
2033 2107 2279 2154 taceam.
2300 2101 2394 2154 De

187 2190 283 2227 me
298 2174 449 2226 nihil
461 2174 656 2228 habeo
672 2175 832 2240 quod
847 2175 1057 2236 dicam,
1076 2189 1196 2239 quo
1210 2173 1357 2226 forte
1371 2172 1620 2238 respicis,
1640 2172 1746 2224 nifi
1758 2188 1884 2224 non
1898 2187 2106 2225 omnes
2119 2172 2221 2224 fibi
2233 2171 2395 2225 hunc

93 2265 139 2301 25
187 2246 510 2299 studiorum
537 2246 779 2312 scopum
810 2260 1159 2312 proponere,
1191 2251 1246 2297 et
1274 2244 1493 2297 multos
1522 2243 1746 2296 destitui
1777 2244 2116 2309 necessarijS,
2150 2243 2394 2309 alijsque

188 2317 372 2370 caufis
392 2318 680 2382 impediri.
702 2318 772 2370 Et
791 2324 993 2370 tamen
1011 2316 1108 2369 hic
1121 2315 1515 2368 Academicus
1533 2315 1758 2368 fortasse
1774 2317 1889 2368 tuis
1903 2315 2279 2380 aliorumque
2294 2315 2392 2368 ob-

187 2389 613 2441 servationibus
638 2389 892 2449 adiutuS‚
918 2386 1072 2441 facta
1094 2403 1231 2440 cum
1249 2394 1516 2440 veterum
1537 2386 2041 2440 observationibus
2061 2386 2392 2448 collatione,

188 2460 666 2513 accommodatas
691 2460 923 2525 aliquas
947 2458 1298 2526 hypotheses
1325 2464 1610 2520 extruere,
1637 2464 1693 2510 et
1717 2457 1827 2519 his,
1857 2457 2202 2511 Geometria
2228 2458 2392 2519 duce,

187 2534 480 2584 rationem
504 2531 737 2584 tabulas
763 2531 1056 2584 condendi
1081 2529 1492 2583 demonstrare.
1523 2530 1594 2582 Et
1620 2531 1788 2582 inani
1812 2528 1917 2582 sua
1940 2544 2163 2594 pompa
2186 2530 2391 2582 verbo-

92 2621 140 2656 30
188 2619 323 2656 rum
343 2602 439 2667 (fic
460 2605 621 2655 enim
645 2603 878 2656 labores
896 2602 1121 2655 nostros
1139 2617 1353 2654 vocare
1371 2600 1611 2665 videris)
1633 2601 1921 2654 deducere
1939 2600 2074 2653 suos
2095 2601 2393 2653 auditores

187 2674 263 2728 ad
277 2674 636 2727 recludenda
645 2677 771 2727 veri
783 2673 1127 2739 penetralia.
1136 2673 1360 2725 Verum
1375 2688 1482 2738 ego
1492 2672 1664 2725 suum
1678 2674 1891 2737 cuique
1905 2678 1970 2724 ut
1982 2671 2046 2724 fit
2058 2671 2391 2737 pulchrum,

187 2748 436 2799 remitt0.
461 2746 589 2798 Imo
609 2746 840 2812 gaudeo
861 2752 917 2798 et
934 2745 1116 2798 laudo
1137 2744 1370 2810 aliquos
1390 2745 1511 2805 esse,
1533 2743 1746 2809 quibus
1765 2749 2026 2796 mentem
2046 2749 2102 2795 et
2120 2745 2390 2795 animum

188 2817 286 2884 Dij
311 2817 614 2879 dederunt,
635 2823 700 2869 ut
718 2819 783 2869 in
801 2817 987 2870 nobili
1007 2822 1063 2869 et
1081 2816 1271 2869 arduo
1290 2815 1476 2868 studio
1489 2814 1955 2868 incumbendum
1968 2814 2071 2867 fibi
2083 2814 2390 2879 persuade-

188 2895 305 2941 ant.
336 2889 584 2942 Utinam
612 2888 761 2941 mihi
789 2888 1049 2953 ipsorum
1073 2886 1374 2940 laboribus
1401 2893 1456 2939 et
1481 2886 1805 2951 sumptibus
1829 2885 1946 2938 frui
1970 2885 2184 2947 liceret,
2211 2885 2392 2938 velim

93 2977 140 3012 35
188 2976 284 3012 me
311 2960 452 3013 dare
477 2962 602 3012 una
628 2959 1077 3013 observatorem.
1107 2958 1477 3024 Progredere,
1502 2960 1587 3010 mi
1605 2957 1904 3018 TYCHO,
1932 2972 2052 3022 quo
2077 2957 2266 3009 virtus
2289 2963 2392 3010 tua

111 3036 140 3079 ι·
187 3038 243 3084 te
256 3038 445 3092 vocat,
466 3031 564 3097 Dij
585 3032 687 3084 tibi
700 3033 1023 3096 ingenium,
1045 3030 1143 3096 Dij
1161 3029 1462 3082 fortunam
1476 3035 1531 3082 et
1543 3029 1881 3082 indefessum
1894 3028 2146 3081 studium
2160 3028 2389 3089 dedere,

188 3102 266 3155 da
276 3118 537 3167 operam,
552 3109 616 3154 ut
626 3102 897 3168 agnoscat
907 3101 1222 3167 posteritas,
1233 3107 1289 3154 te
1300 3116 1424 3154 non
1434 3100 1640 3154 frustra
1648 3101 1859 3162 vixisse,
1873 3106 1928 3153 et
1939 3101 2180 3153 crassum
2191 3103 2391 3153 aerem

188 3179 418 3227 naturae
437 3173 725 3226 beneficio
747 3180 802 3226 et
819 3173 1005 3226 studio
1023 3175 1211 3225 vince.

258 3244 451 3297 Venio
470 3260 630 3296 nunc
650 3245 726 3297 ad
747 3260 835 3306 ea,
857 3259 992 3309 quae
1013 3244 1085 3297 de
1104 3243 1549 3296 medicamentis
1569 3243 1755 3296 obiter
1774 3246 1925 3296 inter
1941 3258 2052 3295 nos
2068 3248 2231 3295 mota
2243 3242 2388 3303 sunt,

93 3332 141 3368 4ο
188 3315 291 3368 ubi
310 3317 705 3381 ignorantiam
725 3314 1150 3376 decoctionum,
1170 3314 1531 3367 infufionum
1551 3321 1606 3367 et
1625 3314 1881 3367 aliorum
1901 3329 2151 3380 operum
2166 3313 2388 3379 seplafi-

188 3389 455 3439 ariorum
473 3389 720 3439 minime
739 3387 842 3439 tibi
862 3386 1066 3439 obieci.
1094 3385 1207 3439 Sed
1226 3386 1342 3438 hoc
1359 3393 1488 3438 tum
1506 3388 1788 3450 temporis
1806 3401 1903 3438 me
1925 3385 2249 3437 existimare
2268 3399 2387 3435 me-

187 3460 353 3519 mini,
372 3464 429 3511 te
448 3458 703 3511 necdum
721 3457 855 3510 satis
873 3457 1208 3524 perspexisse
1220 3459 1343 3510 vim
1358 3463 1413 3510 et
1425 3456 1764 3510 facultatem
1782 3472 2005 3517 eorum,
2028 3455 2168 3520 quid
2188 3455 2388 3536 possint

332 3539 377 3575 ε·
2325 3541 2388 3576 ιιι
