<?xml version="1.0" encoding="UTF-8"?>
<!DOCTYPE html PUBLIC "-//W3C//DTD XHTML 1.0 Transitional//EN"
    "http://www.w3.org/TR/xhtml1/DTD/xhtml1-transitional.dtd">
<html xmlns="http://www.w3.org/1999/xhtml" xml:lang="en" lang="en">
 <head>
  <title>
</title>
<meta http-equiv="Content-Type" content="text/html;charset=utf-8" />
  <meta name='ocr-system' content='tesseract 3.04.00' />
  <meta name='ocr-capabilities' content='ocr_page ocr_carea ocr_par ocr_line ocrx_word'/>
</head>
<body>
  <div class='ocr_page' id='page_1' title='image "./operaomniaedidit07brahuoft_0098.png"; bbox 0 0 2664 4030; ppageno 0'>
   <div class='ocr_carea' id='block_1_1' title="bbox 279 306 1953 362">
    <p class='ocr_par' dir='ltr' id='par_1_1' title="bbox 279 306 1953 362">
     <span class='ocr_line' id='line_1_1' title="bbox 279 306 1953 362; baseline -0.002 0"><span class='ocrx_word' id='word_1_1' title='bbox 279 310 348 362; x_wconf 89' lang='lat'>84</span> <span class='ocrx_word' id='word_1_2' title='bbox 815 306 1257 360; x_wconf 90' lang='lat' dir='ltr'>EPISTOLAE</span> <span class='ocrx_word' id='word_1_3' title='bbox 1282 307 1953 360; x_wconf 89' lang='lat' dir='ltr'>ASTRONOMICAE</span> 
     </span>
    </p>
   </div>
   <div class='ocr_carea' id='block_1_2' title="bbox 279 448 2599 3370">
    <p class='ocr_par' dir='ltr' id='par_1_2' title="bbox 279 448 2480 590">
     <span class='ocr_line' id='line_1_2' title="bbox 279 448 2480 515; baseline 0 -12"><span class='ocrx_word' id='word_1_4' title='bbox 279 450 529 503; x_wconf 83' lang='lat' dir='ltr'>studium</span> <span class='ocrx_word' id='word_1_5' title='bbox 542 455 597 502; x_wconf 94' lang='lat' dir='ltr'>et</span> <span class='ocrx_word' id='word_1_6' title='bbox 609 465 852 514; x_wconf 87' lang='lat' dir='ltr'>operam</span> <span class='ocrx_word' id='word_1_7' title='bbox 866 449 1163 515; x_wconf 89' lang='lat' dir='ltr'>polliceor.</span> <span class='ocrx_word' id='word_1_8' title='bbox 1180 448 1453 502; x_wconf 77' lang='lat' dir='ltr'>Doc&#39;toris</span> <span class='ocrx_word' id='word_1_9' title='bbox 1464 449 1849 513; x_wconf 87' lang='lat' dir='ltr'>AMBROSIJ</span> <span class='ocrx_word' id='word_1_10' title='bbox 1863 449 1995 502; x_wconf 91' lang='lat' dir='ltr'><strong>libri</strong></span> <span class='ocrx_word' id='word_1_11' title='bbox 2010 456 2145 502; x_wconf 92' lang='lat' dir='ltr'>ante</span> <span class='ocrx_word' id='word_1_12' title='bbox 2159 452 2480 504; x_wconf 89' lang='lat' dir='ltr'><strong>triennium</strong></span> 
     </span>
     <span class='ocr_line' id='line_1_3' title="bbox 279 516 2150 590; baseline -0.001 -16"><span class='ocrx_word' id='word_1_13' title='bbox 279 520 655 574; x_wconf 91' lang='lat' dir='ltr'>WELSERO</span> <span class='ocrx_word' id='word_1_14' title='bbox 675 526 912 573; x_wconf 93' lang='lat' dir='ltr'>mortuo</span> <span class='ocrx_word' id='word_1_15' title='bbox 932 521 1006 574; x_wconf 93' lang='lat' dir='ltr'>ab</span> <span class='ocrx_word' id='word_1_16' title='bbox 1026 521 1362 574; x_wconf 73' lang='lat' dir='ltr'>haeredibus</span> <span class='ocrx_word' id='word_1_17' title='bbox 1381 521 1510 574; x_wconf 90' lang='lat' dir='ltr'>sunt</span> <span class='ocrx_word' id='word_1_18' title='bbox 1530 519 1775 574; x_wconf 71' lang='lat' dir='ltr'>distracti</span> <span class='ocrx_word' id='word_1_19' title='bbox 1795 527 1849 573; x_wconf 93' lang='lat' dir='ltr'>et</span> <span class='ocrx_word' id='word_1_20' title='bbox 1869 521 2105 574; x_wconf 85' lang='lat' dir='ltr'><strong>venditi.</strong></span> <span class='ocrx_word' id='word_1_21' title='bbox 2128 516 2150 590; x_wconf 94' lang='grc' dir='ltr'>ΙΙ</span> 
     </span>
    </p>

    <p class='ocr_par' dir='ltr' id='par_1_3' title="bbox 279 591 2599 3370">
     <span class='ocr_line' id='line_1_4' title="bbox 350 591 2599 658; baseline 0.002 -14"><span class='ocrx_word' id='word_1_22' title='bbox 350 592 664 645; x_wconf 90' lang='lat' dir='ltr'>Novarum</span> <span class='ocrx_word' id='word_1_23' title='bbox 683 607 883 644; x_wconf 93' lang='lat' dir='ltr'>rerum</span> <span class='ocrx_word' id='word_1_24' title='bbox 901 591 1022 644; x_wconf 89' lang='lat' dir='ltr'>fere</span> <span class='ocrx_word' id='word_1_25' title='bbox 1043 591 1193 644; x_wconf 90' lang='lat' dir='ltr'>nihil</span> <span class='ocrx_word' id='word_1_26' title='bbox 1212 591 1423 653; x_wconf 91' lang='lat' dir='ltr'>habe0,</span> <span class='ocrx_word' id='word_1_27' title='bbox 1444 592 1549 644; x_wconf 88' lang='lat' dir='ltr'>nifi</span> <span class='ocrx_word' id='word_1_28' title='bbox 1566 592 1725 658; x_wconf 92' lang='lat' dir='ltr'>quod</span> <span class='ocrx_word' id='word_1_29' title='bbox 1741 595 1892 645; x_wconf 93' lang='lat' dir='ltr'>inter</span> <span class='ocrx_word' id='word_1_30' title='bbox 1907 592 2219 645; x_wconf 84' lang='lat' dir='ltr'>Senatores</span> <span class='ocrx_word' id='word_1_31' title='bbox 2234 595 2480 646; x_wconf 88' lang='lat' dir='ltr'>civitatis</span> <span class='ocrx_word' id='word_1_32' title='bbox 2512 605 2599 649; x_wconf 78' lang='lat' dir='ltr'>76v</span> 
     </span>
     <span class='ocr_line' id='line_1_5' title="bbox 279 661 2481 729; baseline 0.001 -14"><span class='ocrx_word' id='word_1_33' title='bbox 279 663 486 716; x_wconf 87' lang='lat' dir='ltr'>nostrae</span> <span class='ocrx_word' id='word_1_34' title='bbox 497 669 733 728; x_wconf 91' lang='lat' dir='ltr'>propter</span> <span class='ocrx_word' id='word_1_35' title='bbox 742 663 1169 716; x_wconf 88' lang='lat' dir='ltr'>Calendarium</span> <span class='ocrx_word' id='word_1_36' title='bbox 1178 663 1616 728; x_wconf 89' lang='lat' dir='ltr'>Gregorianum</span> <span class='ocrx_word' id='word_1_37' title='bbox 1624 679 1842 729; x_wconf 90' lang='lat' dir='ltr'>magna</span> <span class='ocrx_word' id='word_1_38' title='bbox 1850 666 2189 716; x_wconf 90' lang='lat' dir='ltr'>animorum</span> <span class='ocrx_word' id='word_1_39' title='bbox 2197 661 2481 717; x_wconf 66' lang='lat' dir='ltr'>distractio</span> 
     </span>
     <span class='ocr_line' id='line_1_6' title="bbox 279 734 2576 801; baseline 0.001 -15"><span class='ocrx_word' id='word_1_40' title='bbox 279 735 467 787; x_wconf 87' lang='lat' dir='ltr'>fuerit.</span> <span class='ocrx_word' id='word_1_41' title='bbox 489 734 690 787; x_wconf 93' lang='lat' dir='ltr'>Maior</span> <span class='ocrx_word' id='word_1_42' title='bbox 711 737 871 787; x_wconf 92' lang='lat' dir='ltr'>enim</span> <span class='ocrx_word' id='word_1_43' title='bbox 891 749 1026 799; x_wconf 92' lang='lat' dir='ltr'>pars</span> <span class='ocrx_word' id='word_1_44' title='bbox 1047 740 1312 786; x_wconf 90' lang='lat' dir='ltr'>nontam</span> <span class='ocrx_word' id='word_1_45' title='bbox 1332 734 1616 800; x_wconf 88' lang='lat' dir='ltr'>Pontificij</span> <span class='ocrx_word' id='word_1_46' title='bbox 1641 750 1822 801; x_wconf 90' lang='lat' dir='ltr'>quam</span> <span class='ocrx_word' id='word_1_47' title='bbox 1842 735 2016 787; x_wconf 84' lang='lat' dir='ltr'>nostri</span> <span class='ocrx_word' id='word_1_48' title='bbox 2036 734 2479 796; x_wconf 91' lang='lat' dir='ltr'>contenderunt,</span> <span class='ocrx_word' id='word_1_49' title='bbox 2554 756 2576 790; x_wconf 88' lang='lat'>5</span> 
     </span>
     <span class='ocr_line' id='line_1_7' title="bbox 281 805 2481 872; baseline 0 -13"><span class='ocrx_word' id='word_1_50' title='bbox 281 805 706 859; x_wconf 92' lang='lat' dir='ltr'>Calendarium</span> <span class='ocrx_word' id='word_1_51' title='bbox 731 811 968 871; x_wconf 90' lang='lat' dir='ltr'>propter</span> <span class='ocrx_word' id='word_1_52' title='bbox 986 808 1213 858; x_wconf 91' lang='lat' dir='ltr'>vicinos</span> <span class='ocrx_word' id='word_1_53' title='bbox 1233 805 1498 857; x_wconf 88' lang='lat' dir='ltr'>Bavaros</span> <span class='ocrx_word' id='word_1_54' title='bbox 1519 811 1573 858; x_wconf 94' lang='lat' dir='ltr'>et</span> <span class='ocrx_word' id='word_1_55' title='bbox 1593 806 1943 872; x_wconf 86' lang='lat' dir='ltr'>Episcopum</span> <span class='ocrx_word' id='word_1_56' title='bbox 1962 806 2372 872; x_wconf 85' lang='lat' dir='ltr'>Augustanum</span> <span class='ocrx_word' id='word_1_57' title='bbox 2395 823 2481 860; x_wconf 93' lang='lat' dir='ltr'>re-</span> 
     </span>
     <span class='ocr_line' id='line_1_8' title="bbox 280 875 2481 943; baseline 0 -14"><span class='ocrx_word' id='word_1_58' title='bbox 280 876 617 942; x_wconf 92' lang='lat' dir='ltr'>cipiendum</span> <span class='ocrx_word' id='word_1_59' title='bbox 637 878 740 929; x_wconf 87' lang='lat' dir='ltr'>esse</span> <span class='ocrx_word' id='word_1_60' title='bbox 759 882 1048 941; x_wconf 85' lang='lat' dir='ltr'><strong>tanquam</strong></span> <span class='ocrx_word' id='word_1_61' title='bbox 1061 875 1361 941; x_wconf 83' lang='lat' dir='ltr'>politicam</span> <span class='ocrx_word' id='word_1_62' title='bbox 1376 876 1627 937; x_wconf 90' lang='lat' dir='ltr'>causam,</span> <span class='ocrx_word' id='word_1_63' title='bbox 1646 883 1710 929; x_wconf 91' lang='lat' dir='ltr'>ut</span> <span class='ocrx_word' id='word_1_64' title='bbox 1727 878 2238 943; x_wconf 88' lang='lat' dir='ltr'>correspondentia</span> <span class='ocrx_word' id='word_1_65' title='bbox 2251 893 2387 930; x_wconf 94' lang='lat' dir='ltr'>cum</span> <span class='ocrx_word' id='word_1_66' title='bbox 2399 881 2481 930; x_wconf 88' lang='lat' dir='ltr'>vi-</span> 
     </span>
     <span class='ocr_line' id='line_1_9' title="bbox 280 946 2481 1014; baseline 0.001 -14"><span class='ocrx_word' id='word_1_67' title='bbox 280 950 425 1001; x_wconf 93' lang='lat' dir='ltr'>cinis</span> <span class='ocrx_word' id='word_1_68' title='bbox 444 950 508 1001; x_wconf 95' lang='lat' dir='ltr'>in</span> <span class='ocrx_word' id='word_1_69' title='bbox 529 949 911 1013; x_wconf 82' lang='lat' dir='ltr'>commercijS‚</span> <span class='ocrx_word' id='word_1_70' title='bbox 932 947 1163 1013; x_wconf 89' lang='lat' dir='ltr'>iudicijs</span> <span class='ocrx_word' id='word_1_71' title='bbox 1184 955 1239 999; x_wconf 89' lang='lat' dir='ltr'>et</span> <span class='ocrx_word' id='word_1_72' title='bbox 1260 946 1649 1000; x_wconf 72' lang='lat' dir='ltr'>contractibus</span> <span class='ocrx_word' id='word_1_73' title='bbox 1668 948 1884 1001; x_wconf 87' lang='lat' dir='ltr'>servari</span> <span class='ocrx_word' id='word_1_74' title='bbox 1902 950 2077 1014; x_wconf 84' lang='lat' dir='ltr'>possit.</span> <span class='ocrx_word' id='word_1_75' title='bbox 2098 949 2277 1002; x_wconf 88' lang='lat' dir='ltr'>Pauci</span> <span class='ocrx_word' id='word_1_76' title='bbox 2292 964 2365 1001; x_wconf 88' lang='lat' dir='ltr'>ex</span> <span class='ocrx_word' id='word_1_77' title='bbox 2378 965 2481 1002; x_wconf 93' lang='lat' dir='ltr'>no-</span> 
     </span>
     <span class='ocr_line' id='line_1_10' title="bbox 279 1018 2482 1086; baseline 0 -14"><span class='ocrx_word' id='word_1_78' title='bbox 279 1020 417 1081; x_wconf 82' lang='lat' dir='ltr'>striS,</span> <span class='ocrx_word' id='word_1_79' title='bbox 440 1025 556 1072; x_wconf 92' lang='lat' dir='ltr'>tres</span> <span class='ocrx_word' id='word_1_80' title='bbox 578 1019 897 1084; x_wconf 84' lang='lat' dir='ltr'>praesertim</span> <span class='ocrx_word' id='word_1_81' title='bbox 916 1018 1141 1071; x_wconf 93' lang='lat' dir='ltr'>AEdiles</span> <span class='ocrx_word' id='word_1_82' title='bbox 1163 1018 1417 1071; x_wconf 92' lang='lat' dir='ltr'>Curules</span> <span class='ocrx_word' id='word_1_83' title='bbox 1438 1019 1741 1071; x_wconf 88' lang='lat' dir='ltr'>asserentes</span> <span class='ocrx_word' id='word_1_84' title='bbox 1760 1018 2202 1086; x_wconf 90' lang='lat' dir='ltr'>Theologorum</span> <span class='ocrx_word' id='word_1_85' title='bbox 2221 1023 2482 1082; x_wconf 90' lang='lat' dir='ltr'>nomine,</span> 
     </span>
     <span class='ocr_line' id='line_1_11' title="bbox 281 1089 2579 1158; baseline 0.001 -14"><span class='ocrx_word' id='word_1_86' title='bbox 281 1090 707 1144; x_wconf 89' lang='lat' dir='ltr'>Calendarium</span> <span class='ocrx_word' id='word_1_87' title='bbox 727 1106 851 1142; x_wconf 94' lang='lat' dir='ltr'>non</span> <span class='ocrx_word' id='word_1_88' title='bbox 872 1091 975 1142; x_wconf 87' lang='lat' dir='ltr'>esse</span> <span class='ocrx_word' id='word_1_89' title='bbox 994 1106 1156 1142; x_wconf 92' lang='lat' dir='ltr'>mere</span> <span class='ocrx_word' id='word_1_90' title='bbox 1176 1089 1481 1154; x_wconf 89' lang='lat' dir='ltr'>politicum</span> <span class='ocrx_word' id='word_1_91' title='bbox 1506 1093 1825 1156; x_wconf 88' lang='lat' dir='ltr'>negotium,</span> <span class='ocrx_word' id='word_1_92' title='bbox 1852 1090 1947 1143; x_wconf 95' lang='lat' dir='ltr'>sed</span> <span class='ocrx_word' id='word_1_93' title='bbox 1974 1094 2152 1144; x_wconf 90' lang='lat' dir='ltr'>etiam</span> <span class='ocrx_word' id='word_1_94' title='bbox 2169 1091 2480 1158; x_wconf 90' lang='lat' dir='ltr'>Theologi-</span> <span class='ocrx_word' id='word_1_95' title='bbox 2536 1110 2579 1146; x_wconf 90' lang='lat'>10</span> 
     </span>
     <span class='ocr_line' id='line_1_12' title="bbox 281 1160 2483 1227; baseline 0.001 -13"><span class='ocrx_word' id='word_1_96' title='bbox 281 1178 432 1222; x_wconf 91' lang='lat' dir='ltr'>cum,</span> <span class='ocrx_word' id='word_1_97' title='bbox 464 1177 535 1214; x_wconf 93' lang='lat' dir='ltr'>eo</span> <span class='ocrx_word' id='word_1_98' title='bbox 566 1162 725 1227; x_wconf 94' lang='lat' dir='ltr'>quod</span> <span class='ocrx_word' id='word_1_99' title='bbox 751 1178 788 1214; x_wconf 94' lang='lat' dir='ltr'>a</span> <span class='ocrx_word' id='word_1_100' title='bbox 814 1160 1093 1214; x_wconf 90' lang='lat' dir='ltr'>Pontifice</span> <span class='ocrx_word' id='word_1_101' title='bbox 1120 1160 1183 1213; x_wconf 92' lang='lat' dir='ltr'>fit</span> <span class='ocrx_word' id='word_1_102' title='bbox 1209 1167 1404 1213; x_wconf 91' lang='lat' dir='ltr'>ortum</span> <span class='ocrx_word' id='word_1_103' title='bbox 1431 1167 1486 1214; x_wconf 92' lang='lat' dir='ltr'>et</span> <span class='ocrx_word' id='word_1_104' title='bbox 1511 1161 1613 1214; x_wconf 92' lang='lat' dir='ltr'>sub</span> <span class='ocrx_word' id='word_1_105' title='bbox 1641 1177 1826 1226; x_wconf 90' lang='lat' dir='ltr'>poena</span> <span class='ocrx_word' id='word_1_106' title='bbox 1855 1165 2483 1216; x_wconf 88' lang='lat' dir='ltr'>excommunicationis</span> 
     </span>
     <span class='ocr_line' id='line_1_13' title="bbox 280 1232 2483 1299; baseline 0.001 -14"><span class='ocrx_word' id='word_1_107' title='bbox 280 1233 684 1299; x_wconf 92' lang='lat' dir='ltr'>recipiendum</span> <span class='ocrx_word' id='word_1_108' title='bbox 708 1233 1038 1293; x_wconf 90' lang='lat' dir='ltr'>mandetur,</span> <span class='ocrx_word' id='word_1_109' title='bbox 1064 1235 1310 1285; x_wconf 92' lang='lat' dir='ltr'>minime</span> <span class='ocrx_word' id='word_1_110' title='bbox 1336 1235 1509 1298; x_wconf 90' lang='lat' dir='ltr'>igitur</span> <span class='ocrx_word' id='word_1_111' title='bbox 1534 1232 1738 1285; x_wconf 80' lang='lat' dir='ltr'>nostris</span> <span class='ocrx_word' id='word_1_112' title='bbox 1760 1233 2005 1286; x_wconf 90' lang='lat' dir='ltr'>Civibus</span> <span class='ocrx_word' id='word_1_113' title='bbox 2026 1239 2081 1286; x_wconf 90' lang='lat' dir='ltr'>et</span> <span class='ocrx_word' id='word_1_114' title='bbox 2101 1233 2364 1299; x_wconf 88' lang='lat' dir='ltr'>Ecclefijs</span> <span class='ocrx_word' id='word_1_115' title='bbox 2385 1234 2483 1287; x_wconf 94' lang='lat' dir='ltr'>ob—</span> 
     </span>
     <span class='ocr_line' id='line_1_14' title="bbox 280 1304 2484 1370; baseline 0 -13"><span class='ocrx_word' id='word_1_116' title='bbox 280 1305 637 1357; x_wconf 91' lang='lat' dir='ltr'>trudendum</span> <span class='ocrx_word' id='word_1_117' title='bbox 658 1306 778 1365; x_wconf 89' lang='lat' dir='ltr'>esse,</span> <span class='ocrx_word' id='word_1_118' title='bbox 804 1310 1192 1370; x_wconf 90' lang='lat' dir='ltr'>provocantes</span> <span class='ocrx_word' id='word_1_119' title='bbox 1213 1304 1289 1357; x_wconf 92' lang='lat' dir='ltr'>ad</span> <span class='ocrx_word' id='word_1_120' title='bbox 1310 1304 1631 1357; x_wconf 88' lang='lat' dir='ltr'>Cameram</span> <span class='ocrx_word' id='word_1_121' title='bbox 1651 1304 2026 1369; x_wconf 87' lang='lat' dir='ltr'>Imperialem</span> <span class='ocrx_word' id='word_1_122' title='bbox 2045 1304 2242 1358; x_wconf 91' lang='lat' dir='ltr'>mense</span> <span class='ocrx_word' id='word_1_123' title='bbox 2262 1305 2484 1358; x_wconf 89' lang='lat' dir='ltr'>Martio</span> 
     </span>
     <span class='ocr_line' id='line_1_15' title="bbox 281 1375 2485 1429; baseline 0 -1"><span class='ocrx_word' id='word_1_124' title='bbox 281 1377 424 1429; x_wconf 86' lang='lat'>1583.</span> <span class='ocrx_word' id='word_1_125' title='bbox 446 1376 716 1429; x_wconf 92' lang='lat' dir='ltr'>Tandem</span> <span class='ocrx_word' id='word_1_126' title='bbox 740 1375 938 1429; x_wconf 88' lang='lat' dir='ltr'>mense</span> <span class='ocrx_word' id='word_1_127' title='bbox 965 1376 1135 1428; x_wconf 89' lang='lat' dir='ltr'>Maio</span> <span class='ocrx_word' id='word_1_128' title='bbox 1162 1376 1277 1427; x_wconf 90' lang='lat' dir='ltr'>An.</span> <span class='ocrx_word' id='word_1_129' title='bbox 1299 1375 1368 1428; x_wconf 90' lang='lat'>84</span> <span class='ocrx_word' id='word_1_130' title='bbox 1396 1375 1470 1428; x_wconf 89' lang='lat' dir='ltr'>est</span> <span class='ocrx_word' id='word_1_131' title='bbox 1495 1375 1616 1429; x_wconf 91' lang='lat' dir='ltr'>lata</span> <span class='ocrx_word' id='word_1_132' title='bbox 1640 1375 1925 1429; x_wconf 90' lang='lat' dir='ltr'>sententia</span> <span class='ocrx_word' id='word_1_133' title='bbox 1951 1382 2154 1429; x_wconf 89' lang='lat' dir='ltr'>contra</span> <span class='ocrx_word' id='word_1_134' title='bbox 2178 1376 2403 1429; x_wconf 91' lang='lat' dir='ltr'>AEdiles</span> <span class='ocrx_word' id='word_1_135' title='bbox 2430 1383 2485 1429; x_wconf 92' lang='lat' dir='ltr'>et</span> 
     </span>
     <span class='ocr_line' id='line_1_16' title="bbox 281 1447 2579 1514; baseline 0.001 -14"><span class='ocrx_word' id='word_1_136' title='bbox 281 1447 668 1508; x_wconf 83' lang='lat' dir='ltr'>adhaerenteS,</span> <span class='ocrx_word' id='word_1_137' title='bbox 692 1453 1048 1513; x_wconf 90' lang='lat' dir='ltr'>quapropter</span> <span class='ocrx_word' id='word_1_138' title='bbox 1062 1447 1156 1499; x_wconf 93' lang='lat' dir='ltr'>die</span> <span class='ocrx_word' id='word_1_139' title='bbox 1171 1447 1243 1500; x_wconf 91' lang='grc'>18.</span> <span class='ocrx_word' id='word_1_140' title='bbox 1259 1447 1590 1512; x_wconf 93' lang='lat' dir='ltr'>publicatur</span> <span class='ocrx_word' id='word_1_141' title='bbox 1603 1447 1903 1510; x_wconf 89' lang='lat' dir='ltr'>sententia,</span> <span class='ocrx_word' id='word_1_142' title='bbox 1923 1454 1978 1500; x_wconf 92' lang='lat' dir='ltr'>et</span> <span class='ocrx_word' id='word_1_143' title='bbox 1995 1450 2032 1514; x_wconf 88' lang='lat' dir='ltr'>ij</span> <span class='ocrx_word' id='word_1_144' title='bbox 2040 1447 2175 1500; x_wconf 92' lang='lat' dir='ltr'>dem</span> <span class='ocrx_word' id='word_1_145' title='bbox 2189 1448 2222 1500; x_wconf 92' lang='lat'>4</span> <span class='ocrx_word' id='word_1_146' title='bbox 2237 1448 2484 1501; x_wconf 91' lang='lat' dir='ltr'>Domini</span> <span class='ocrx_word' id='word_1_147' title='bbox 2537 1467 2579 1503; x_wconf 86' lang='lat'>15</span> 
     </span>
     <span class='ocr_line' id='line_1_17' title="bbox 280 1518 2484 1584; baseline 0 -13"><span class='ocrx_word' id='word_1_148' title='bbox 280 1519 556 1572; x_wconf 90' lang='lat' dir='ltr'>iubentur</span> <span class='ocrx_word' id='word_1_149' title='bbox 576 1519 738 1571; x_wconf 95' lang='lat' dir='ltr'>domi</span> <span class='ocrx_word' id='word_1_150' title='bbox 757 1519 877 1571; x_wconf 87' lang='lat' dir='ltr'>suae</span> <span class='ocrx_word' id='word_1_151' title='bbox 890 1518 947 1571; x_wconf 93' lang='lat' dir='ltr'>se</span> <span class='ocrx_word' id='word_1_152' title='bbox 963 1521 1279 1580; x_wconf 91' lang='lat' dir='ltr'>continere,</span> <span class='ocrx_word' id='word_1_153' title='bbox 1302 1518 1489 1571; x_wconf 91' lang='lat' dir='ltr'>donec</span> <span class='ocrx_word' id='word_1_154' title='bbox 1504 1518 1667 1572; x_wconf 93' lang='lat' dir='ltr'>aliud</span> <span class='ocrx_word' id='word_1_155' title='bbox 1682 1519 1824 1584; x_wconf 91' lang='lat' dir='ltr'>quid</span> <span class='ocrx_word' id='word_1_156' title='bbox 1839 1519 1910 1572; x_wconf 94' lang='lat' dir='ltr'>de</span> <span class='ocrx_word' id='word_1_157' title='bbox 1924 1519 2039 1571; x_wconf 93' lang='lat' dir='ltr'>illis</span> <span class='ocrx_word' id='word_1_158' title='bbox 2052 1519 2347 1572; x_wconf 87' lang='lat' dir='ltr'>statuatur.</span> <span class='ocrx_word' id='word_1_159' title='bbox 2369 1519 2484 1572; x_wconf 87' lang='lat' dir='ltr'>Die</span> 
     </span>
     <span class='ocr_line' id='line_1_18' title="bbox 280 1588 2485 1658; baseline 0.001 -16"><span class='ocrx_word' id='word_1_160' title='bbox 280 1591 366 1644; x_wconf 88' lang='lat'>25.</span> <span class='ocrx_word' id='word_1_161' title='bbox 382 1590 551 1655; x_wconf 87' lang='lat' dir='ltr'>Maij,</span> <span class='ocrx_word' id='word_1_162' title='bbox 568 1592 720 1643; x_wconf 90' lang='lat' dir='ltr'>circa</span> <span class='ocrx_word' id='word_1_163' title='bbox 733 1591 1041 1643; x_wconf 90' lang='lat' dir='ltr'>meridiem</span> <span class='ocrx_word' id='word_1_164' title='bbox 1054 1588 1366 1643; x_wconf 78' lang='lat' dir='ltr'>Praefec&#39;tus</span> <span class='ocrx_word' id='word_1_165' title='bbox 1377 1590 1570 1651; x_wconf 87' lang='lat' dir='ltr'>Urbis,</span> <span class='ocrx_word' id='word_1_166' title='bbox 1588 1591 1701 1644; x_wconf 81' lang='lat' dir='ltr'>der</span> <span class='ocrx_word' id='word_1_167' title='bbox 1712 1590 2062 1658; x_wconf 75' lang='lat' dir='ltr'>Stadtvogt,</span> <span class='ocrx_word' id='word_1_168' title='bbox 2079 1592 2222 1643; x_wconf 88' lang='lat' dir='ltr'>iussu</span> <span class='ocrx_word' id='word_1_169' title='bbox 2235 1590 2485 1645; x_wconf 89' lang='lat' dir='ltr'>Senatus</span> 
     </span>
     <span class='ocr_line' id='line_1_19' title="bbox 282 1660 2486 1728; baseline 0 -14"><span class='ocrx_word' id='word_1_170' title='bbox 282 1660 602 1715; x_wconf 76' lang='lat' dir='ltr'>Doctorem</span> <span class='ocrx_word' id='word_1_171' title='bbox 615 1661 947 1715; x_wconf 92' lang='lat' dir='ltr'><strong>MYLIUM</strong></span> <span class='ocrx_word' id='word_1_172' title='bbox 958 1661 1383 1727; x_wconf 84' lang='lat' dir='ltr'>Augustanum‚</span> <span class='ocrx_word' id='word_1_173' title='bbox 1398 1661 1658 1714; x_wconf 82' lang='lat' dir='ltr'>nostrum</span> <span class='ocrx_word' id='word_1_174' title='bbox 1670 1664 2019 1727; x_wconf 91' lang='lat' dir='ltr'>primarium</span> <span class='ocrx_word' id='word_1_175' title='bbox 2030 1661 2401 1728; x_wconf 93' lang='lat' dir='ltr'>Theologum</span> <span class='ocrx_word' id='word_1_176' title='bbox 2413 1678 2486 1716; x_wconf 84' lang='lat' dir='ltr'>ex</span> 
     </span>
     <span class='ocr_line' id='line_1_20' title="bbox 281 1732 2484 1798; baseline 0 -12"><span class='ocrx_word' id='word_1_177' title='bbox 281 1733 426 1786; x_wconf 91' lang='lat' dir='ltr'>urbe</span> <span class='ocrx_word' id='word_1_178' title='bbox 446 1735 509 1785; x_wconf 91' lang='lat' dir='ltr'>in</span> <span class='ocrx_word' id='word_1_179' title='bbox 527 1733 751 1798; x_wconf 93' lang='lat' dir='ltr'>pilento</span> <span class='ocrx_word' id='word_1_180' title='bbox 774 1733 1021 1785; x_wconf 92' lang='lat' dir='ltr'>educere</span> <span class='ocrx_word' id='word_1_181' title='bbox 1042 1739 1304 1785; x_wconf 89' lang='lat' dir='ltr'>conatur.</span> <span class='ocrx_word' id='word_1_182' title='bbox 1333 1732 1446 1785; x_wconf 91' lang='lat' dir='ltr'>Sed</span> <span class='ocrx_word' id='word_1_183' title='bbox 1467 1732 1608 1798; x_wconf 92' lang='lat' dir='ltr'>quid</span> <span class='ocrx_word' id='word_1_184' title='bbox 1627 1732 1726 1785; x_wconf 77' lang='lat' dir='ltr'>fit?</span> <span class='ocrx_word' id='word_1_185' title='bbox 1752 1733 2013 1798; x_wconf 92' lang='lat' dir='ltr'>Populus</span> <span class='ocrx_word' id='word_1_186' title='bbox 2035 1732 2150 1786; x_wconf 93' lang='lat' dir='ltr'>hoc</span> <span class='ocrx_word' id='word_1_187' title='bbox 2170 1733 2372 1786; x_wconf 92' lang='lat' dir='ltr'>audito</span> <span class='ocrx_word' id='word_1_188' title='bbox 2392 1749 2484 1787; x_wconf 90' lang='lat' dir='ltr'>ac-</span> 
     </span>
     <span class='ocr_line' id='line_1_21' title="bbox 283 1802 2582 1871; baseline 0.001 -15"><span class='ocrx_word' id='word_1_189' title='bbox 283 1806 460 1857; x_wconf 90' lang='lat' dir='ltr'>currit</span> <span class='ocrx_word' id='word_1_190' title='bbox 492 1811 547 1856; x_wconf 92' lang='lat' dir='ltr'>et</span> <span class='ocrx_word' id='word_1_191' title='bbox 579 1806 862 1869; x_wconf 89' lang='lat' dir='ltr'>aurigam,</span> <span class='ocrx_word' id='word_1_192' title='bbox 897 1820 1017 1869; x_wconf 93' lang='lat' dir='ltr'>quo</span> <span class='ocrx_word' id='word_1_193' title='bbox 1049 1807 1249 1856; x_wconf 92' lang='lat' dir='ltr'>minus</span> <span class='ocrx_word' id='word_1_194' title='bbox 1280 1804 1699 1870; x_wconf 88' lang='lat' dir='ltr'>progrediatur,</span> <span class='ocrx_word' id='word_1_195' title='bbox 1735 1802 1933 1857; x_wconf 71' lang='lat' dir='ltr'>strictis</span> <span class='ocrx_word' id='word_1_196' title='bbox 1964 1804 2172 1871; x_wconf 88' lang='lat' dir='ltr'>gladijs</span> <span class='ocrx_word' id='word_1_197' title='bbox 2204 1804 2484 1867; x_wconf 91' lang='lat' dir='ltr'>adoritur,</span> <span class='ocrx_word' id='word_1_198' title='bbox 2535 1824 2582 1859; x_wconf 89' lang='lat'>20</span> 
     </span>
     <span class='ocr_line' id='line_1_22' title="bbox 282 1873 2483 1942; baseline 0.001 -14"><span class='ocrx_word' id='word_1_199' title='bbox 282 1875 785 1940; x_wconf 92' lang='lat' dir='ltr'><strong>MYLIUMQUE</strong></span> <span class='ocrx_word' id='word_1_200' title='bbox 801 1891 832 1928; x_wconf 93' lang='lat' dir='ltr'>e</span> <span class='ocrx_word' id='word_1_201' title='bbox 846 1875 1068 1941; x_wconf 92' lang='lat' dir='ltr'>pilento</span> <span class='ocrx_word' id='word_1_202' title='bbox 1081 1878 1141 1927; x_wconf 89' lang='lat' dir='ltr'>vi</span> <span class='ocrx_word' id='word_1_203' title='bbox 1157 1873 1480 1928; x_wconf 69' lang='lat' dir='ltr'>extractum</span> <span class='ocrx_word' id='word_1_204' title='bbox 1492 1877 1556 1927; x_wconf 91' lang='lat' dir='ltr'>in</span> <span class='ocrx_word' id='word_1_205' title='bbox 1569 1876 1795 1928; x_wconf 86' lang='lat' dir='ltr'>aedibus</span> <span class='ocrx_word' id='word_1_206' title='bbox 1809 1875 2036 1928; x_wconf 82' lang='lat' dir='ltr'>Pistoris</span> <span class='ocrx_word' id='word_1_207' title='bbox 2054 1891 2237 1942; x_wconf 94' lang='lat' dir='ltr'>prope</span> <span class='ocrx_word' id='word_1_208' title='bbox 2254 1882 2483 1942; x_wconf 91' lang='lat' dir='ltr'>portam</span> 
     </span>
     <span class='ocr_line' id='line_1_23' title="bbox 284 1945 2489 2012; baseline 0 -13"><span class='ocrx_word' id='word_1_209' title='bbox 284 1946 748 2012; x_wconf 90' lang='lat' dir='ltr'>Geggingensem</span> <span class='ocrx_word' id='word_1_210' title='bbox 776 1946 1094 1999; x_wconf 91' lang='lat' dir='ltr'>habitantis</span> <span class='ocrx_word' id='word_1_211' title='bbox 1124 1946 1437 2007; x_wconf 84' lang='lat' dir='ltr'>abscondit,</span> <span class='ocrx_word' id='word_1_212' title='bbox 1467 1945 1742 2012; x_wconf 62' lang='lat' dir='ltr'>neglectis</span> <span class='ocrx_word' id='word_1_213' title='bbox 1770 1947 2053 2000; x_wconf 90' lang='lat' dir='ltr'>militibus</span> <span class='ocrx_word' id='word_1_214' title='bbox 2080 1947 2399 2001; x_wconf 83' lang='lat' dir='ltr'>custodiam</span> <span class='ocrx_word' id='word_1_215' title='bbox 2423 1950 2489 2000; x_wconf 94' lang='lat' dir='ltr'>in</span> 
     </span>
     <span class='ocr_line' id='line_1_24' title="bbox 281 2017 2487 2084; baseline 0.001 -14"><span class='ocrx_word' id='word_1_216' title='bbox 281 2024 451 2083; x_wconf 92' lang='lat' dir='ltr'>porta</span> <span class='ocrx_word' id='word_1_217' title='bbox 479 2018 800 2084; x_wconf 75' lang='lat' dir='ltr'>agentibus</span> <span class='ocrx_word' id='word_1_218' title='bbox 832 2018 983 2071; x_wconf 86' lang='lat' dir='ltr'>Mox</span> <span class='ocrx_word' id='word_1_219' title='bbox 1009 2017 1318 2070; x_wconf 91' lang='lat' dir='ltr'>confluunt</span> <span class='ocrx_word' id='word_1_220' title='bbox 1348 2018 1525 2071; x_wconf 90' lang='lat' dir='ltr'>Cives</span> <span class='ocrx_word' id='word_1_221' title='bbox 1551 2021 1762 2071; x_wconf 89' lang='lat' dir='ltr'>armati</span> <span class='ocrx_word' id='word_1_222' title='bbox 1787 2018 2197 2071; x_wconf 87' lang='lat' dir='ltr'>vociferantes:</span> <span class='ocrx_word' id='word_1_223' title='bbox 2227 2018 2487 2072; x_wconf 85' lang='lat' dir='ltr'>nostrum</span> 
     </span>
     <span class='ocr_line' id='line_1_25' title="bbox 281 2088 2487 2157; baseline 0 -15"><span class='ocrx_word' id='word_1_224' title='bbox 281 2089 655 2155; x_wconf 91' lang='lat' dir='ltr'>Theologum</span> <span class='ocrx_word' id='word_1_225' title='bbox 682 2092 969 2155; x_wconf 77' lang='lat' dir='ltr'>cupimus,</span> <span class='ocrx_word' id='word_1_226' title='bbox 998 2089 1163 2142; x_wconf 92' lang='lat' dir='ltr'>Dum</span> <span class='ocrx_word' id='word_1_227' title='bbox 1189 2088 1319 2142; x_wconf 88' lang='lat' dir='ltr'>haec</span> <span class='ocrx_word' id='word_1_228' title='bbox 1340 2095 1610 2155; x_wconf 90' lang='lat' dir='ltr'>aguntur,</span> <span class='ocrx_word' id='word_1_229' title='bbox 1638 2089 1888 2143; x_wconf 92' lang='lat' dir='ltr'>Senatus</span> <span class='ocrx_word' id='word_1_230' title='bbox 1909 2097 2132 2143; x_wconf 92' lang='lat' dir='ltr'>ceteros</span> <span class='ocrx_word' id='word_1_231' title='bbox 2152 2090 2487 2157; x_wconf 89' lang='lat' dir='ltr'>Theologos</span> 
     </span>
     <span class='ocr_line' id='line_1_26' title="bbox 282 2159 2582 2227; baseline 0.001 -14"><span class='ocrx_word' id='word_1_232' title='bbox 282 2164 345 2214; x_wconf 95' lang='lat' dir='ltr'>in</span> <span class='ocrx_word' id='word_1_233' title='bbox 365 2161 614 2214; x_wconf 91' lang='lat' dir='ltr'>Curiam</span> <span class='ocrx_word' id='word_1_234' title='bbox 641 2168 943 2222; x_wconf 88' lang='lat' dir='ltr'>convocat,</span> <span class='ocrx_word' id='word_1_235' title='bbox 969 2159 1318 2214; x_wconf 69' lang='lat' dir='ltr'>tractaturus</span> <span class='ocrx_word' id='word_1_236' title='bbox 1345 2176 1481 2214; x_wconf 93' lang='lat' dir='ltr'>cum</span> <span class='ocrx_word' id='word_1_237' title='bbox 1506 2161 1621 2213; x_wconf 93' lang='lat' dir='ltr'>illis</span> <span class='ocrx_word' id='word_1_238' title='bbox 1647 2161 1719 2214; x_wconf 91' lang='lat' dir='ltr'>de</span> <span class='ocrx_word' id='word_1_239' title='bbox 1741 2161 2100 2215; x_wconf 89' lang='lat' dir='ltr'>Calendario</span> <span class='ocrx_word' id='word_1_240' title='bbox 2126 2163 2498 2227; x_wconf 83' lang='lat' dir='ltr'>recipiend03·</span> <span class='ocrx_word' id='word_1_241' title='bbox 2536 2181 2582 2215; x_wconf 85' lang='lat'>25</span> 
     </span>
     <span class='ocr_line' id='line_1_27' title="bbox 283 2232 2487 2299; baseline 0 -14"><span class='ocrx_word' id='word_1_242' title='bbox 283 2233 443 2297; x_wconf 91' lang='lat' dir='ltr'>quod</span> <span class='ocrx_word' id='word_1_243' title='bbox 462 2239 589 2285; x_wconf 88' lang='lat' dir='ltr'>tum</span> <span class='ocrx_word' id='word_1_244' title='bbox 610 2233 935 2285; x_wconf 82' lang='lat' dir='ltr'>constanter</span> <span class='ocrx_word' id='word_1_245' title='bbox 955 2233 1334 2298; x_wconf 76' lang='lat' dir='ltr'>denegarunt.</span> <span class='ocrx_word' id='word_1_246' title='bbox 1363 2232 1568 2285; x_wconf 90' lang='lat' dir='ltr'>Altero</span> <span class='ocrx_word' id='word_1_247' title='bbox 1589 2232 1683 2285; x_wconf 94' lang='lat' dir='ltr'>die</span> <span class='ocrx_word' id='word_1_248' title='bbox 1706 2233 1827 2298; x_wconf 81' lang='lat' dir='ltr'>post</span> <span class='ocrx_word' id='word_1_249' title='bbox 1847 2233 2140 2299; x_wconf 90' lang='lat' dir='ltr'>eliguntur</span> <span class='ocrx_word' id='word_1_250' title='bbox 2161 2249 2233 2286; x_wconf 87' lang='lat' dir='ltr'>ex</span> <span class='ocrx_word' id='word_1_251' title='bbox 2252 2233 2487 2299; x_wconf 84' lang='lat' dir='ltr'>lingulis</span> 
     </span>
     <span class='ocr_line' id='line_1_28' title="bbox 284 2304 2488 2370; baseline 0.001 -14"><span class='ocrx_word' id='word_1_252' title='bbox 284 2304 604 2365; x_wconf 83' lang='lat' dir='ltr'>ordinibuS,</span> <span class='ocrx_word' id='word_1_253' title='bbox 625 2304 890 2365; x_wconf 92' lang='lat' dir='ltr'>Patrici0,</span> <span class='ocrx_word' id='word_1_254' title='bbox 913 2304 1273 2357; x_wconf 91' lang='lat' dir='ltr'>Mercatorio</span> <span class='ocrx_word' id='word_1_255' title='bbox 1290 2310 1344 2356; x_wconf 93' lang='lat' dir='ltr'>et</span> <span class='ocrx_word' id='word_1_256' title='bbox 1357 2304 1593 2357; x_wconf 90' lang='lat' dir='ltr'>Plebeio</span> <span class='ocrx_word' id='word_1_257' title='bbox 1608 2305 1642 2357; x_wconf 89' lang='lat'>6</span> <span class='ocrx_word' id='word_1_258' title='bbox 1655 2307 1781 2366; x_wconf 90' lang='lat' dir='ltr'>viri,</span> <span class='ocrx_word' id='word_1_259' title='bbox 1799 2307 1902 2370; x_wconf 93' lang='lat' dir='ltr'>qui</span> <span class='ocrx_word' id='word_1_260' title='bbox 1916 2305 1987 2358; x_wconf 92' lang='lat' dir='ltr'>de</span> <span class='ocrx_word' id='word_1_261' title='bbox 2001 2320 2146 2370; x_wconf 89' lang='lat' dir='ltr'>pace</span> <span class='ocrx_word' id='word_1_262' title='bbox 2162 2310 2217 2357; x_wconf 92' lang='lat' dir='ltr'>et</span> <span class='ocrx_word' id='word_1_263' title='bbox 2229 2305 2488 2358; x_wconf 88' lang='lat' dir='ltr'>tumultu</span> 
     </span>
     <span class='ocr_line' id='line_1_29' title="bbox 282 2371 2599 2444; baseline 0.001 -17"><span class='ocrx_word' id='word_1_264' title='bbox 282 2375 539 2427; x_wconf 91' lang='lat' dir='ltr'>sedando</span> <span class='ocrx_word' id='word_1_265' title='bbox 552 2378 816 2441; x_wconf 89' lang='lat' dir='ltr'>cogitent.</span> <span class='ocrx_word' id='word_1_266' title='bbox 826 2371 847 2444; x_wconf 91' lang='grc' dir='ltr'>ΙΙ</span> <span class='ocrx_word' id='word_1_267' title='bbox 856 2376 1007 2428; x_wconf 87' lang='lat' dir='ltr'>Mox</span> <span class='ocrx_word' id='word_1_268' title='bbox 1018 2375 1226 2427; x_wconf 92' lang='lat' dir='ltr'>ultimo</span> <span class='ocrx_word' id='word_1_269' title='bbox 1238 2375 1387 2441; x_wconf 90' lang='lat' dir='ltr'>Maij</span> <span class='ocrx_word' id='word_1_270' title='bbox 1403 2375 1684 2428; x_wconf 89' lang='lat' dir='ltr'>advolant</span> <span class='ocrx_word' id='word_1_271' title='bbox 1695 2376 1869 2442; x_wconf 89' lang='lat' dir='ltr'>legati</span> <span class='ocrx_word' id='word_1_272' title='bbox 1880 2392 2016 2429; x_wconf 92' lang='lat' dir='ltr'>cum</span> <span class='ocrx_word' id='word_1_273' title='bbox 2024 2375 2486 2442; x_wconf 90' lang='lat' dir='ltr'>Wirtenbergici,</span> <span class='ocrx_word' id='word_1_274' title='bbox 2520 2387 2576 2430; x_wconf 94' lang='grc'>77</span> <span class='ocrx_word' id='word_1_275' title='bbox 2584 2396 2599 2414; x_wconf 75' lang='lat' dir='ltr'>r</span> 
     </span>
     <span class='ocr_line' id='line_1_30' title="bbox 282 2446 2486 2513; baseline 0 -14"><span class='ocrx_word' id='word_1_276' title='bbox 282 2453 410 2499; x_wconf 93' lang='lat' dir='ltr'>tum</span> <span class='ocrx_word' id='word_1_277' title='bbox 430 2446 754 2507; x_wconf 84' lang='lat' dir='ltr'>UlmenseS‚</span> <span class='ocrx_word' id='word_1_278' title='bbox 783 2450 885 2512; x_wconf 92' lang='lat' dir='ltr'>qui</span> <span class='ocrx_word' id='word_1_279' title='bbox 910 2446 1074 2499; x_wconf 92' lang='lat' dir='ltr'>litem</span> <span class='ocrx_word' id='word_1_280' title='bbox 1098 2450 1180 2499; x_wconf 90' lang='lat' dir='ltr'>ita</span> <span class='ocrx_word' id='word_1_281' title='bbox 1205 2447 1673 2512; x_wconf 89' lang='lat' dir='ltr'>composuerunt,</span> <span class='ocrx_word' id='word_1_282' title='bbox 1702 2453 1766 2500; x_wconf 93' lang='lat' dir='ltr'>ut</span> <span class='ocrx_word' id='word_1_283' title='bbox 1793 2463 1865 2500; x_wconf 87' lang='lat' dir='ltr'>ex</span> <span class='ocrx_word' id='word_1_284' title='bbox 1888 2447 2094 2513; x_wconf 91' lang='lat' dir='ltr'>scripto</span> <span class='ocrx_word' id='word_1_285' title='bbox 2114 2447 2210 2500; x_wconf 87' lang='lat' dir='ltr'>vel</span> <span class='ocrx_word' id='word_1_286' title='bbox 2228 2447 2486 2513; x_wconf 91' lang='lat' dir='ltr'>publica-</span> 
     </span>
     <span class='ocr_line' id='line_1_31' title="bbox 283 2516 2583 2585; baseline 0.001 -15"><span class='ocrx_word' id='word_1_287' title='bbox 283 2521 443 2570; x_wconf 94' lang='lat' dir='ltr'>tione</span> <span class='ocrx_word' id='word_1_288' title='bbox 462 2521 524 2570; x_wconf 94' lang='lat' dir='ltr'>in</span> <span class='ocrx_word' id='word_1_289' title='bbox 541 2517 881 2571; x_wconf 87' lang='lat' dir='ltr'>fasciculum</span> <span class='ocrx_word' id='word_1_290' title='bbox 894 2525 1064 2571; x_wconf 92' lang='lat' dir='ltr'>tuum</span> <span class='ocrx_word' id='word_1_291' title='bbox 1079 2516 1341 2571; x_wconf 72' lang='lat' dir='ltr'>coniecta</span> <span class='ocrx_word' id='word_1_292' title='bbox 1353 2519 1552 2571; x_wconf 90' lang='lat' dir='ltr'>videre</span> <span class='ocrx_word' id='word_1_293' title='bbox 1568 2519 1658 2571; x_wconf 86' lang='lat' dir='ltr'>est.</span> <span class='ocrx_word' id='word_1_294' title='bbox 1680 2519 1823 2571; x_wconf 94' lang='lat' dir='ltr'>Non</span> <span class='ocrx_word' id='word_1_295' title='bbox 1837 2518 2057 2580; x_wconf 92' lang='lat' dir='ltr'>dubito,</span> <span class='ocrx_word' id='word_1_296' title='bbox 2079 2521 2224 2585; x_wconf 89' lang='lat' dir='ltr'>quin</span> <span class='ocrx_word' id='word_1_297' title='bbox 2239 2519 2486 2571; x_wconf 87' lang='lat' dir='ltr'>diverso·</span> <span class='ocrx_word' id='word_1_298' title='bbox 2536 2537 2583 2572; x_wconf 86' lang='lat'>30</span> 
     </span>
     <span class='ocr_line' id='line_1_32' title="bbox 284 2589 2488 2656; baseline 0 -14"><span class='ocrx_word' id='word_1_299' title='bbox 284 2605 417 2642; x_wconf 93' lang='lat' dir='ltr'>rum</span> <span class='ocrx_word' id='word_1_300' title='bbox 447 2589 674 2642; x_wconf 89' lang='lat' dir='ltr'>diversa</span> <span class='ocrx_word' id='word_1_301' title='bbox 700 2589 806 2642; x_wconf 87' lang='lat' dir='ltr'>fint</span> <span class='ocrx_word' id='word_1_302' title='bbox 833 2589 1032 2643; x_wconf 90' lang='lat' dir='ltr'>futura</span> <span class='ocrx_word' id='word_1_303' title='bbox 1059 2590 1277 2642; x_wconf 93' lang='lat' dir='ltr'>iudicia</span> <span class='ocrx_word' id='word_1_304' title='bbox 1306 2590 1378 2642; x_wconf 93' lang='lat' dir='ltr'>de</span> <span class='ocrx_word' id='word_1_305' title='bbox 1406 2589 1724 2656; x_wconf 89' lang='lat' dir='ltr'>Theologis</span> <span class='ocrx_word' id='word_1_306' title='bbox 1753 2590 1974 2644; x_wconf 83' lang='lat' dir='ltr'>nostriS.</span> <span class='ocrx_word' id='word_1_307' title='bbox 2005 2590 2118 2644; x_wconf 91' lang='lat' dir='ltr'>Sed</span> <span class='ocrx_word' id='word_1_308' title='bbox 2146 2606 2271 2643; x_wconf 94' lang='lat' dir='ltr'>non</span> <span class='ocrx_word' id='word_1_309' title='bbox 2299 2590 2488 2643; x_wconf 91' lang='lat' dir='ltr'>solum</span> 
     </span>
     <span class='ocr_line' id='line_1_33' title="bbox 284 2660 2486 2727; baseline 0.001 -14"><span class='ocrx_word' id='word_1_310' title='bbox 284 2662 500 2727; x_wconf 90' lang='lat' dir='ltr'>Legati,</span> <span class='ocrx_word' id='word_1_311' title='bbox 528 2661 917 2714; x_wconf 88' lang='lat' dir='ltr'>Iurisconsulti</span> <span class='ocrx_word' id='word_1_312' title='bbox 939 2667 1040 2713; x_wconf 91' lang='lat' dir='ltr'>etc.</span> <span class='ocrx_word' id='word_1_313' title='bbox 1062 2677 1272 2713; x_wconf 86' lang='lat' dir='ltr'>verum</span> <span class='ocrx_word' id='word_1_314' title='bbox 1293 2663 1471 2713; x_wconf 88' lang='lat' dir='ltr'>etiam</span> <span class='ocrx_word' id='word_1_315' title='bbox 1490 2660 1887 2727; x_wconf 89' lang='lat' dir='ltr'>Tubingenses</span> <span class='ocrx_word' id='word_1_316' title='bbox 1913 2662 2016 2727; x_wconf 88' lang='lat' dir='ltr'>ipfi</span> <span class='ocrx_word' id='word_1_317' title='bbox 2035 2662 2354 2727; x_wconf 89' lang='lat' dir='ltr'>recipiendi</span> <span class='ocrx_word' id='word_1_318' title='bbox 2375 2662 2486 2715; x_wconf 89' lang='lat' dir='ltr'>Ca-</span> 
     </span>
     <span class='ocr_line' id='line_1_34' title="bbox 284 2732 2487 2799; baseline 0 -14"><span class='ocrx_word' id='word_1_319' title='bbox 284 2732 530 2799; x_wconf 90' lang='lat' dir='ltr'>lendarij</span> <span class='ocrx_word' id='word_1_320' title='bbox 549 2732 828 2785; x_wconf 92' lang='lat' dir='ltr'>authores</span> <span class='ocrx_word' id='word_1_321' title='bbox 842 2732 1096 2793; x_wconf 87' lang='lat' dir='ltr'>fuerunt,</span> <span class='ocrx_word' id='word_1_322' title='bbox 1117 2732 1484 2797; x_wconf 90' lang='lat' dir='ltr'>respicientes</span> <span class='ocrx_word' id='word_1_323' title='bbox 1503 2732 1758 2797; x_wconf 85' lang='lat' dir='ltr'>praesens</span> <span class='ocrx_word' id='word_1_324' title='bbox 1778 2733 2123 2798; x_wconf 89' lang='lat' dir='ltr'>periculum,</span> <span class='ocrx_word' id='word_1_325' title='bbox 2146 2740 2200 2786; x_wconf 93' lang='lat' dir='ltr'>et</span> <span class='ocrx_word' id='word_1_326' title='bbox 2221 2733 2487 2785; x_wconf 89' lang='lat' dir='ltr'>desertio-</span> 
     </span>
     <span class='ocr_line' id='line_1_35' title="bbox 284 2803 2488 2865; baseline 0 -9"><span class='ocrx_word' id='word_1_327' title='bbox 284 2819 424 2856; x_wconf 91' lang='lat' dir='ltr'>nem</span> <span class='ocrx_word' id='word_1_328' title='bbox 450 2804 734 2865; x_wconf 86' lang='lat' dir='ltr'>Ecclefiae,</span> <span class='ocrx_word' id='word_1_329' title='bbox 764 2804 924 2857; x_wconf 89' lang='lat' dir='ltr'>salvo</span> <span class='ocrx_word' id='word_1_330' title='bbox 950 2804 1130 2856; x_wconf 88' lang='lat' dir='ltr'>verbo</span> <span class='ocrx_word' id='word_1_331' title='bbox 1162 2810 1216 2856; x_wconf 92' lang='lat' dir='ltr'>et</span> <span class='ocrx_word' id='word_1_332' title='bbox 1244 2803 1507 2856; x_wconf 88' lang='lat' dir='ltr'>libertate</span> <span class='ocrx_word' id='word_1_333' title='bbox 1533 2803 1801 2856; x_wconf 88' lang='lat' dir='ltr'>Ecclefiae</span> <span class='ocrx_word' id='word_1_334' title='bbox 1827 2810 2068 2857; x_wconf 91' lang='lat' dir='ltr'>retenta.</span> <span class='ocrx_word' id='word_1_335' title='bbox 2100 2804 2213 2857; x_wconf 92' lang='lat' dir='ltr'>Sed</span> <span class='ocrx_word' id='word_1_336' title='bbox 2242 2804 2314 2856; x_wconf 93' lang='lat' dir='ltr'>de</span> <span class='ocrx_word' id='word_1_337' title='bbox 2342 2804 2488 2856; x_wconf 89' lang='lat' dir='ltr'>statu</span> 
     </span>
     <span class='ocr_line' id='line_1_36' title="bbox 284 2875 2583 2940; baseline 0 -13"><span class='ocrx_word' id='word_1_338' title='bbox 284 2875 464 2928; x_wconf 92' lang='lat' dir='ltr'>huius</span> <span class='ocrx_word' id='word_1_339' title='bbox 484 2876 645 2928; x_wconf 93' lang='lat' dir='ltr'>urbis</span> <span class='ocrx_word' id='word_1_340' title='bbox 664 2875 873 2928; x_wconf 81' lang='lat' dir='ltr'>nostrae</span> <span class='ocrx_word' id='word_1_341' title='bbox 887 2875 1109 2928; x_wconf 86' lang='lat' dir='ltr'>fortasse</span> <span class='ocrx_word' id='word_1_342' title='bbox 1124 2875 1426 2940; x_wconf 83' lang='lat' dir='ltr'>prolixiuS,</span> <span class='ocrx_word' id='word_1_343' title='bbox 1449 2890 1631 2940; x_wconf 92' lang='lat' dir='ltr'>quam</span> <span class='ocrx_word' id='word_1_344' title='bbox 1644 2891 1751 2940; x_wconf 91' lang='lat' dir='ltr'>par</span> <span class='ocrx_word' id='word_1_345' title='bbox 1766 2875 1856 2928; x_wconf 83' lang='lat' dir='ltr'>est.</span> <span class='ocrx_word' id='word_1_346' title='bbox 1879 2876 1943 2928; x_wconf 94' lang='lat' dir='ltr'>Id</span> <span class='ocrx_word' id='word_1_347' title='bbox 1956 2875 2159 2928; x_wconf 91' lang='lat' dir='ltr'>saltem</span> <span class='ocrx_word' id='word_1_348' title='bbox 2173 2891 2210 2927; x_wconf 92' lang='lat' dir='ltr'>a</span> <span class='ocrx_word' id='word_1_349' title='bbox 2222 2881 2294 2936; x_wconf 93' lang='lat' dir='ltr'>te,</span> <span class='ocrx_word' id='word_1_350' title='bbox 2309 2875 2350 2927; x_wconf 87' lang='lat' dir='ltr'>fi</span> <span class='ocrx_word' id='word_1_351' title='bbox 2364 2890 2488 2927; x_wconf 93' lang='lat' dir='ltr'>non</span> <span class='ocrx_word' id='word_1_352' title='bbox 2536 2893 2583 2929; x_wconf 85' lang='lat'>35</span> 
     </span>
     <span class='ocr_line' id='line_1_37' title="bbox 285 2946 2500 3012; baseline 0 -14"><span class='ocrx_word' id='word_1_353' title='bbox 285 2950 461 2999; x_wconf 94' lang='lat' dir='ltr'>nimis</span> <span class='ocrx_word' id='word_1_354' title='bbox 482 2948 680 3000; x_wconf 86' lang='lat' dir='ltr'>audax</span> <span class='ocrx_word' id='word_1_355' title='bbox 693 2947 937 3008; x_wconf 89' lang='lat' dir='ltr'>viderer,</span> <span class='ocrx_word' id='word_1_356' title='bbox 961 2953 1310 3012; x_wconf 88' lang='lat' dir='ltr'>expeterem,</span> <span class='ocrx_word' id='word_1_357' title='bbox 1331 2953 1395 2998; x_wconf 93' lang='lat' dir='ltr'>ut</span> <span class='ocrx_word' id='word_1_358' title='bbox 1414 2952 1517 2998; x_wconf 94' lang='lat' dir='ltr'>tuo</span> <span class='ocrx_word' id='word_1_359' title='bbox 1537 2962 1648 2999; x_wconf 92' lang='lat' dir='ltr'>nos</span> <span class='ocrx_word' id='word_1_360' title='bbox 1667 2947 1885 2999; x_wconf 90' lang='lat' dir='ltr'>iudicio</span> <span class='ocrx_word' id='word_1_361' title='bbox 1907 2947 1978 2999; x_wconf 95' lang='lat' dir='ltr'>de</span> <span class='ocrx_word' id='word_1_362' title='bbox 1998 2946 2112 2999; x_wconf 92' lang='lat' dir='ltr'>hoc</span> <span class='ocrx_word' id='word_1_363' title='bbox 2127 2946 2500 2999; x_wconf 90' lang='lat' dir='ltr'>Calendario</span> 
     </span>
     <span class='ocr_line' id='line_1_38' title="bbox 286 3017 2488 3083; baseline 0 -14"><span class='ocrx_word' id='word_1_364' title='bbox 286 3021 582 3070; x_wconf 92' lang='lat' dir='ltr'>neoterico</span> <span class='ocrx_word' id='word_1_365' title='bbox 602 3018 953 3072; x_wconf 92' lang='lat' dir='ltr'>informares</span> <span class='ocrx_word' id='word_1_366' title='bbox 973 3034 1042 3071; x_wconf 89' lang='lat' dir='ltr'>ac</span> <span class='ocrx_word' id='word_1_367' title='bbox 1062 3018 1345 3080; x_wconf 83' lang='lat' dir='ltr'>firmareS‚</span> <span class='ocrx_word' id='word_1_368' title='bbox 1367 3033 1447 3070; x_wconf 94' lang='lat' dir='ltr'>an</span> <span class='ocrx_word' id='word_1_369' title='bbox 1465 3017 1734 3070; x_wconf 88' lang='lat' dir='ltr'>videlicet</span> <span class='ocrx_word' id='word_1_370' title='bbox 1746 3018 1806 3070; x_wconf 93' lang='lat' dir='ltr'>id</span> <span class='ocrx_word' id='word_1_371' title='bbox 1819 3021 2000 3083; x_wconf 92' lang='lat' dir='ltr'>priori</span> <span class='ocrx_word' id='word_1_372' title='bbox 2013 3017 2238 3083; x_wconf 84' lang='lat' dir='ltr'>praestet</span> <span class='ocrx_word' id='word_1_373' title='bbox 2251 3034 2320 3071; x_wconf 92' lang='lat' dir='ltr'>ac</span> <span class='ocrx_word' id='word_1_374' title='bbox 2334 3017 2488 3070; x_wconf 92' lang='lat' dir='ltr'>coelo</span> 
     </span>
     <span class='ocr_line' id='line_1_39' title="bbox 286 3087 2489 3155; baseline 0 -14"><span class='ocrx_word' id='word_1_375' title='bbox 286 3087 497 3141; x_wconf 72' lang='lat' dir='ltr'>rectius</span> <span class='ocrx_word' id='word_1_376' title='bbox 523 3096 820 3155; x_wconf 91' lang='lat' dir='ltr'>congruat,</span> <span class='ocrx_word' id='word_1_377' title='bbox 848 3106 956 3142; x_wconf 93' lang='lat' dir='ltr'>nec</span> <span class='ocrx_word' id='word_1_378' title='bbox 982 3105 1075 3142; x_wconf 91' lang='lat' dir='ltr'>ne.</span> <span class='ocrx_word' id='word_1_379' title='bbox 1104 3090 1168 3143; x_wconf 94' lang='lat' dir='ltr'>Id</span> <span class='ocrx_word' id='word_1_380' title='bbox 1189 3092 1348 3142; x_wconf 92' lang='lat' dir='ltr'>enim</span> <span class='ocrx_word' id='word_1_381' title='bbox 1367 3096 1422 3141; x_wconf 92' lang='lat' dir='ltr'>te</span> <span class='ocrx_word' id='word_1_382' title='bbox 1443 3092 1688 3142; x_wconf 93' lang='lat' dir='ltr'>unicum</span> <span class='ocrx_word' id='word_1_383' title='bbox 1709 3088 1939 3142; x_wconf 90' lang='lat' dir='ltr'>efficere</span> <span class='ocrx_word' id='word_1_384' title='bbox 1964 3090 2131 3155; x_wconf 83' lang='lat' dir='ltr'>posse,</span> <span class='ocrx_word' id='word_1_385' title='bbox 2157 3095 2358 3154; x_wconf 88' lang='lat' dir='ltr'>utpote</span> <span class='ocrx_word' id='word_1_386' title='bbox 2386 3091 2489 3154; x_wconf 90' lang='lat' dir='ltr'>qui</span> 
     </span>
     <span class='ocr_line' id='line_1_40' title="bbox 286 3160 2490 3226; baseline 0.001 -15"><span class='ocrx_word' id='word_1_387' title='bbox 286 3161 672 3212; x_wconf 90' lang='lat' dir='ltr'>luminarium</span> <span class='ocrx_word' id='word_1_388' title='bbox 682 3162 938 3214; x_wconf 91' lang='lat' dir='ltr'>motibus</span> <span class='ocrx_word' id='word_1_389' title='bbox 949 3162 1149 3215; x_wconf 93' lang='lat' dir='ltr'>sedulo</span> <span class='ocrx_word' id='word_1_390' title='bbox 1160 3161 1444 3226; x_wconf 83' lang='lat' dir='ltr'>invigileS,</span> <span class='ocrx_word' id='word_1_391' title='bbox 1459 3160 1797 3226; x_wconf 91' lang='lat' dir='ltr'>persuasum</span> <span class='ocrx_word' id='word_1_392' title='bbox 1810 3160 2115 3213; x_wconf 69' lang='lat' dir='ltr'>habemus</span> <span class='ocrx_word' id='word_1_393' title='bbox 2132 3161 2202 3213; x_wconf 94' lang='lat' dir='ltr'>Et</span> <span class='ocrx_word' id='word_1_394' title='bbox 2211 3161 2340 3213; x_wconf 90' lang='lat' dir='ltr'>sunt</span> <span class='ocrx_word' id='word_1_395' title='bbox 2350 3166 2490 3213; x_wconf 87' lang='lat' dir='ltr'>vota</span> 
     </span>
     <span class='ocr_line' id='line_1_41' title="bbox 286 3231 2583 3298; baseline 0 -15"><span class='ocrx_word' id='word_1_396' title='bbox 286 3247 411 3284; x_wconf 95' lang='lat' dir='ltr'>non</span> <span class='ocrx_word' id='word_1_397' title='bbox 424 3231 617 3284; x_wconf 77' lang='lat' dir='ltr'>nostra</span> <span class='ocrx_word' id='word_1_398' title='bbox 629 3232 846 3294; x_wconf 93' lang='lat' dir='ltr'>saltem,</span> <span class='ocrx_word' id='word_1_399' title='bbox 861 3234 956 3286; x_wconf 90' lang='lat' dir='ltr'>sed</span> <span class='ocrx_word' id='word_1_400' title='bbox 970 3233 1247 3298; x_wconf 92' lang='lat' dir='ltr'>plurium.</span> <span class='ocrx_word' id='word_1_401' title='bbox 1265 3232 1442 3297; x_wconf 91' lang='lat' dir='ltr'>Quod</span> <span class='ocrx_word' id='word_1_402' title='bbox 1456 3232 1719 3298; x_wconf 85' lang='lat' dir='ltr'>superest,</span> <span class='ocrx_word' id='word_1_403' title='bbox 1734 3235 1816 3285; x_wconf 93' lang='lat' dir='ltr'>mi</span> <span class='ocrx_word' id='word_1_404' title='bbox 1830 3232 2128 3294; x_wconf 91' lang='lat' dir='ltr'>TYCHO,</span> <span class='ocrx_word' id='word_1_405' title='bbox 2144 3232 2343 3284; x_wconf 91' lang='lat' dir='ltr'>Deum</span> <span class='ocrx_word' id='word_1_406' title='bbox 2353 3231 2485 3297; x_wconf 88' lang='lat' dir='ltr'>Opt.</span> <span class='ocrx_word' id='word_1_407' title='bbox 2537 3248 2583 3283; x_wconf 83' lang='lat'>40</span> 
     </span>
     <span class='ocr_line' id='line_1_42' title="bbox 288 3303 2489 3370; baseline -0 -15"><span class='ocrx_word' id='word_1_408' title='bbox 288 3303 453 3355; x_wconf 88' lang='lat' dir='ltr'>Max.</span> <span class='ocrx_word' id='word_1_409' title='bbox 474 3319 696 3369; x_wconf 91' lang='lat' dir='ltr'>precor,</span> <span class='ocrx_word' id='word_1_410' title='bbox 723 3311 787 3357; x_wconf 91' lang='lat' dir='ltr'>ut</span> <span class='ocrx_word' id='word_1_411' title='bbox 811 3304 914 3357; x_wconf 91' lang='lat' dir='ltr'>tibi</span> <span class='ocrx_word' id='word_1_412' title='bbox 936 3305 1216 3370; x_wconf 89' lang='lat' dir='ltr'>largiatur</span> <span class='ocrx_word' id='word_1_413' title='bbox 1236 3311 1291 3358; x_wconf 92' lang='lat' dir='ltr'>et</span> <span class='ocrx_word' id='word_1_414' title='bbox 1310 3307 1464 3357; x_wconf 90' lang='lat' dir='ltr'>vires</span> <span class='ocrx_word' id='word_1_415' title='bbox 1483 3307 1669 3357; x_wconf 90' lang='lat' dir='ltr'>animi</span> <span class='ocrx_word' id='word_1_416' title='bbox 1690 3314 1745 3357; x_wconf 93' lang='lat' dir='ltr'>et</span> <span class='ocrx_word' id='word_1_417' title='bbox 1765 3307 2042 3370; x_wconf 83' lang='lat' dir='ltr'>corporiS,</span> <span class='ocrx_word' id='word_1_418' title='bbox 2070 3306 2173 3369; x_wconf 94' lang='lat' dir='ltr'>qui</span> <span class='ocrx_word' id='word_1_419' title='bbox 2192 3318 2414 3369; x_wconf 90' lang='lat' dir='ltr'>organa</span> <span class='ocrx_word' id='word_1_420' title='bbox 2434 3308 2489 3354; x_wconf 94' lang='lat' dir='ltr'>et</span> 
     </span>
    </p>
   </div>
   <div class='ocr_carea' id='block_1_3' title="bbox 289 3374 2487 3496">
    <p class='ocr_par' dir='ltr' id='par_1_4' title="bbox 289 3374 2487 3496">
     <span class='ocr_line' id='line_1_43' title="bbox 289 3374 2487 3496; baseline -0.001 -69"><span class='ocrx_word' id='word_1_421' title='bbox 289 3390 470 3441; x_wconf 93' lang='lat' dir='ltr'>opera</span> <span class='ocrx_word' id='word_1_422' title='bbox 489 3378 551 3427; x_wconf 93' lang='lat' dir='ltr'>in</span> <span class='ocrx_word' id='word_1_423' title='bbox 571 3379 819 3441; x_wconf 89' lang='lat' dir='ltr'>gratiam</span> <span class='ocrx_word' id='word_1_424' title='bbox 839 3376 1176 3429; x_wconf 88' lang='lat' dir='ltr'>Matheseos</span> <span class='ocrx_word' id='word_1_425' title='bbox 1202 3375 1458 3429; x_wconf 84' lang='lat' dir='ltr'>studiofis</span> <span class='ocrx_word' id='word_1_426' title='bbox 1484 3375 1764 3429; x_wconf 92' lang='lat' dir='ltr'>inchoata</span> <span class='ocrx_word' id='word_1_427' title='bbox 1788 3376 2102 3437; x_wconf 89' lang='lat' dir='ltr'>absolvere,</span> <span class='ocrx_word' id='word_1_428' title='bbox 2130 3374 2487 3496; x_wconf 62' lang='lat' dir='ltr'>feliciterqug</span> 
     </span>
     <span class='ocr_line' id='line_1_44' title="bbox 2411 3459 2449 3496; baseline 0 0"><span class='ocrx_word' id='word_1_429' title='bbox 2411 3459 2449 3496; x_wconf 89' lang='lat' dir='ltr'>a</span> 
     </span>
    </p>
   </div>
  </div>
 </body>
</html>
