2632 4022
82 1078 124 1113 10

83 1435 124 1470 15

79 1793 125 1828 20

81 2151 126 2185 25

70 2643 146 2685 12¹

84 3007 130 3042 35

86 3362 132 3397 40

170 275 921 329 THAD.HAGEC1US
946 275 1069 328 AD
1096 274 1603 328 TYCHONEM
1631 274 1806 341 14124
1834 276 2023 328 DEC.
2053 276 2197 329 1593
2271 276 2373 328 357

170 419 297 473 fisse.
326 419 467 471 Eius
493 419 746 471 reditum
772 419 848 471 ad
874 434 984 471 nos
1010 424 1113 471 aut
1139 418 1435 471 Misenam
1462 415 1859 483 expectabam.
1888 418 2202 471 Cometam
2227 434 2373 484 prae-

169 493 338 543 terito
363 497 655 543 autumno
682 489 954 550 effulfisse‚
985 492 1317 543 communis
1347 496 1471 543 erat
1498 489 1675 543 fama.
1706 490 1966 542 Aliunde
1998 493 2174 543 etiam
2201 490 2273 542 de
2300 506 2373 542 eo

170 561 641 627 perscribebatur.
673 562 729 613 A
757 576 854 613 me
883 567 1084 615 tamen
1111 560 1354 614 studiose
1383 561 1658 614 lustrante
1688 561 1908 614 coelum
1936 561 2207 627 nuspiam
2237 577 2375 613 con-

124 652 144 670 v
170 633 307 698 spici
331 635 536 697 potuit.
564 631 626 685 Si
652 633 794 697 quid
818 631 922 684 tibi
942 627 963 700 ΙΙ
983 632 1056 684 de
1083 647 1155 685 eo
1182 632 1414 694 constat,
1441 632 1517 686 ad
1542 648 1638 685 me
1665 632 1998 697 perscribas,
2026 648 2149 685 oro,
2178 633 2292 685 Die
2319 633 2376 684 12

172 704 451 757 Decemb.
481 719 617 769 quae
643 703 716 756 de
743 719 815 755 eo
843 703 1094 757 Cometa
1121 703 1194 756 D.
1216 703 1627 757 PEUCERUS
1654 704 1729 756 ad
1755 719 1850 756 me
1876 704 2275 770 perscripserit,
2304 720 2376 756 ex

172 778 299 828 eius
324 775 521 836 literiS‚
549 790 805 840 quarum
832 774 1170 840 exemplum
1196 775 1272 827 ad
1298 781 1353 827 te
1379 777 1564 835 mitt0,
1590 775 1915 840 cognosces,
1944 776 2144 828 Hodie
2172 778 2273 840 qui
2302 775 2376 827 est

171 848 295 900 dies
308 847 378 898 22
392 846 672 900 Decemb.
688 846 933 911 pransus
947 845 1074 898 sum
1090 861 1226 899 cum
1243 845 1317 898 D.
1334 845 1650 899 CURTIO.
1672 846 2020 899 Monstravit
2039 846 2187 899 mihi
2206 846 2376 898 suum

171 918 526 971 Sextantem.
559 915 877 971 Confedtus
904 917 979 969 est
1004 933 1041 970 a
1067 917 1330 982 quodam
1358 917 1564 983 infigni
1590 917 1810 970 artifice
1838 919 2290 983 Lantgravian0‚
2322 925 2376 970 et

171 1004 361 1054 nuper
393 989 718 1041 admodum
750 988 980 1042 allatuS.
1015 988 1075 1042 Si
1107 991 1229 1042 iam
1260 988 1669 1053 Quadrantem
1700 988 2055 1042 haberemus
2085 996 2375 1054 paratum,

172 1063 364 1127 primo
391 1063 663 1114 omnium
688 1059 786 1113 hic
812 1060 1184 1113 altitudinem
1209 1060 1332 1126 poli
1358 1060 1817 1122 observaremuS‚
1845 1061 2056 1115 deinde
2083 1060 2377 1113 distantias

171 1132 466 1185 stellarum
486 1131 727 1197 aliquot,
750 1138 805 1184 et
824 1131 866 1184 fi
886 1131 1027 1197 quid
1048 1131 1210 1184 aliud
1231 1138 1566 1197 emergeret,
1588 1131 1837 1184 haberes
1857 1148 1967 1184 nos
1988 1131 2256 1197 collegas,
2281 1148 2376 1184 me

173 1203 413 1269 quidem
434 1203 759 1256 seniculum
785 1202 1102 1263 imbellem,
1129 1209 1188 1255 at
1213 1209 1553 1268 promptum
1573 1202 1648 1255 ad
1669 1202 1901 1255 labores
1922 1205 2080 1255 aetati
2101 1206 2376 1255 conveni-

173 1281 351 1328 enteS.
374 1274 560 1327 Curat
579 1274 679 1327 fibi
701 1290 940 1340 quoque
961 1274 1036 1326 D.
1059 1273 1403 1327 CURTIUS
1423 1273 1634 1326 confici
1653 1273 1893 1340 globum
1914 1273 2284 1340 compaclum
2305 1290 2378 1326 ex

172 1349 369 1412 parvis
399 1346 588 1398 assulis
617 1346 824 1412 ligneis
852 1345 1023 1398 fimul
1051 1345 1480 1411 conglutinatis
1512 1346 1654 1399 Eius
1683 1346 1967 1398 diameter
1997 1346 2072 1398 est
2100 1346 2134 1397 6
2158 1346 2378 1410 pedum

173 1418 554 1483 longitudine.
582 1417 650 1470 In
671 1433 810 1469 eum
829 1416 1070 1482 globum
1089 1419 1396 1483 imponere
1417 1419 1575 1483 cupit
1593 1416 1782 1469 stellas
1801 1423 1920 1469 tuae
1942 1416 2376 1469 observationis,

173 1490 322 1542 Iussit
341 1495 396 1541 te
416 1488 637 1541 salvere
660 1488 1000 1554 plurimum.
1028 1487 1329 1553 Scripfisset
1353 1488 1712 1541 libentissime
1738 1488 1855 1553 ipse
1876 1488 1952 1540 ad
1971 1495 2043 1549 te,
2070 1488 2166 1540 sed
2191 1488 2379 1540 testari

172 1562 410 1626 possum.
444 1560 519 1613 ob
550 1561 904 1626 gravissimas
933 1562 1351 1625 occupationes
1381 1566 1436 1612 et
1465 1563 1710 1625 negocia
1743 1559 1938 1612 aulica
1969 1575 2092 1612 non
2124 1561 2377 1624 potuisse,

172 1634 313 1697 petit
338 1638 402 1684 ut
428 1647 567 1685 eum
595 1631 818 1685 habeas
845 1630 1199 1684 excusatum.
1231 1631 1444 1684 Invitat
1468 1637 1524 1684 te
1550 1631 1627 1684 ad
1654 1631 1914 1684 Comitia
1939 1631 2172 1697 Imperij
2203 1630 2377 1683 Ratis-

172 1704 410 1757 bonam.
439 1702 617 1767 Quod
636 1703 753 1757 fite
775 1719 847 1756 eo
866 1710 1185 1756 venturum
1206 1711 1363 1756 certo
1383 1702 1745 1763 intellexerO,
1771 1702 2011 1767 ipsemet
2036 1705 2122 1754 tui
2141 1702 2380 1755 videndi

175 1781 230 1827 et
248 1781 304 1827 te
324 1774 615 1828 salutandi
633 1777 818 1840 gratia
838 1790 1162 1835 accurram,
1182 1775 1364 1828 modo
1384 1774 1662 1828 valetudo
1678 1781 1733 1827 et
1745 1777 1899 1827 vires
1915 1773 2239 1839 corpusculi
2256 1789 2380 1825 non

174 1846 562 1912 impedierint.
585 1846 688 1899 Sin
701 1849 904 1899 venire
924 1862 1049 1899 non
1068 1849 1302 1911 poteris,
1323 1848 1567 1907 remitte,
1589 1845 1804 1911 quaes0,
1825 1845 2091 1898 libellum
2105 1845 2379 1897 APIANI

174 1918 246 1971 de
268 1917 535 1979 Cometa,
558 1919 654 1971 cui
674 1917 954 1983 opuscula
974 1917 1253 1983 quaedam
1273 1917 1598 1970 Bohemica
1617 1917 1855 1983 alligata
1873 1916 2018 1969 sunt.
2041 1917 2187 1969 Item
2202 1916 2379 1970 Com-

173 1991 465 2043 mentaria
484 1988 1033 2052 TRAPEZUNTIJ,
1061 1989 1275 2054 quibus
1300 1995 1356 2042 te
1382 1991 1504 2043 iam
1523 1988 1746 2042 fortasse
1766 2004 1890 2041 non
1911 2003 2080 2054 egere
2101 1987 2378 2040 existimo,

175 2061 262 2114 Ea
282 2060 562 2127 opuscula
576 2061 652 2184 a}
666 2061 740 2114 D.
758 2060 1132 2114 CURTIUM
1152 2063 1331 2113 mitte.
1354 2061 1496 2113 B.V.
1519 2060 1693 2113 Datae
1714 2061 1916 2126 Pragae
1937 2060 2030 2112 die
2048 2060 2115 2111 24
2131 2059 2378 2111 Decem·

174 2133 292 2186 bris
312 2133 495 2185 Anno
515 2133 608 2186 159
648 2173 660 2184 .

246 2204 355 2256 Per
375 2204 449 2257 D.
465 2203 1001 2257 VINSHEMIUM
1021 2203 1152 2257 haec
1172 2203 1247 2257 ad
1267 2210 1323 2257 te
1343 2202 1543 2256 scribo.
1764 2225 1828 2278 T·
1850 2225 2130 2278 studiofiss·

2019 2296 2235 2349 THAD.

274 2465 674 2519 CASPARUS
701 2465 1112 2519 PEUCERUS
1138 2465 1254 2589 Al}
1280 2464 1789 2589 {HADDAEUM
1817 2463 2283 2517 HAGECIUM.

292 2632 677 2686 XPECTAVI
698 2632 870 2686 avide
891 2632 995 2686 abs
1016 2638 1070 2685 te
1091 2631 1429 2697 responsum
1449 2632 1525 2685 ad
1544 2630 1861 2696 postremas
1879 2645 2060 2690 meaS‚
2086 2645 2234 2695 quas
2257 2645 2381 2682 non

311 2703 515 2757 dubito
540 2710 596 2756 te
623 2704 696 2757 ab
719 2704 939 2770 inclyto
963 2710 1018 2757 et
1039 2703 1320 2770 generoso
1341 2703 1416 2757 D.
1438 2702 1512 2755 D.
1534 2702 2068 2755 FERDINANDO
2091 2701 2324 2755 Comite
2345 2717 2382 2753 a

178 2775 412 2829 Schlick
443 2777 730 2840 accepisse.
763 2775 916 2828 Illud
945 2791 1081 2828 cum
1110 2774 1414 2828 differatur
1442 2776 1724 2840 opinione
1753 2788 1889 2826 mea
1917 2773 2152 2833 diutius,
2186 2772 2381 2825 censui

179 2847 534 2900 eliciendum
560 2848 680 2907 esse,
707 2847 803 2900 sed
829 2846 996 2900 nulla
1022 2862 1084 2900 re
1110 2846 1355 2899 meliore
1380 2861 1478 2899 me
1503 2844 1783 2911 perficere
1803 2844 1862 2897 id
1882 2845 2031 2909 posse
2052 2844 2178 2896 sum
2203 2850 2379 2904 ratus,

179 2935 361 2984 quam
375 2918 416 2970 fi
430 2918 732 2984 explorem
746 2925 878 2971 tuas
893 2918 965 2971 de
982 2918 1234 2973 Cometa
1252 2933 1443 2983 nuper
1461 2916 1583 2969 viso
1605 2917 2052 2984 παρατηρήσεις,
2074 2930 2253 2980 quem
2274 2930 2380 2981 ego

179 3006 274 3043 me
301 2990 489 3043 fateor
513 2990 602 3043 bis
627 2997 858 3043 tantum
884 2989 1245 3055 conspexisse‚
1276 2991 1500 3041 circiter
1527 2987 1740 3040 horam
1767 2990 1999 3039 tertiam
2027 2989 2382 3039 matutinam

178 3064 242 3114 in
267 3060 558 3114 asterismo
579 3061 744 3114 Ursae
771 3063 1030 3122 maioriS,
1058 3067 1113 3112 et
1139 3061 1378 3125 quidem
1406 3063 1533 3113 eius
1560 3062 1763 3123 capite,
1791 3074 2035 3123 corpore
2057 3073 2260 3123 parvo,
2288 3073 2380 3110 co-

179 3133 303 3185 lore
324 3132 517 3185 lurido
537 3132 770 3197 prorsus
788 3139 843 3184 et
861 3131 1121 3192 obscum,
1144 3131 1334 3184 cauda
1348 3131 1603 3196 oblonga
1618 3137 1672 3183 et
1685 3129 1787 3182 sub
1801 3129 1983 3182 finem
1997 3132 2177 3190 tenui,
2194 3145 2231 3181 a
2244 3129 2380 3194 Sep-

179 3206 470 3256 tentrione
484 3203 658 3267 supra
672 3209 866 3255 ortum
880 3202 1239 3256 solsticialem
1252 3200 1519 3267 porrecta
1531 3201 1730 3254 versus
1745 3201 2014 3254 occasum
2029 3202 2380 3253 brumalem.

181 3275 338 3327 Mihi
365 3277 600 3340 organis
627 3274 903 3327 omnibus
929 3280 984 3326 et
1010 3276 1204 3338 operis
1231 3273 1512 3334 destituto,
1541 3273 1811 3326 locorum
1838 3275 2015 3325 etiam
2042 3275 2381 3338 opportuni-

181 3352 313 3406 tate,
330 3345 492 3398 aliud
506 3345 656 3398 nihil
670 3345 976 3398 observare
990 3345 1168 3406 licuit,
1181 3360 1362 3409 quam
1377 3345 1537 3409 quod
1550 3344 1704 3397 visus
1719 3343 2117 3409 deprehendit.
2133 3344 2226 3396 De
2240 3350 2381 3396 tem-

2239 3430 2381 3479 pore
