2664 4030
123 1099 165 1134 10

122 1455 164 1488 15

117 1810 163 1845 20

116 2879 163 2914 35

110 3084 168 3126 4v

116 3233 163 3268 40

287 299 590 353 TYCHO
611 300 734 352 AD
754 299 1298 353 THADDAEUM
1325 299 1811 353 HAGECIUM
1837 300 1910 354 25
1932 301 2104 354 IAN.
2126 302 2270 355 1587
2344 303 2413 354 111

217 441 384 502 caEO,
411 442 685 495 volebam
709 445 1017 507 praeteritis
1043 442 1488 506 autumnalibus
1514 442 1796 494 nundinis
1822 442 2414 497 Francofordenfibus

216 513 373 565 idem
391 513 712 578 praestitisse,
740 520 794 566 et
814 514 889 566 ob
909 514 968 565 id
989 528 1125 566 cum
1145 514 1407 578 quodam
1426 513 1768 566 nostratium
1788 513 2255 580 Bibliopolarum
2274 515 2414 568 illuc

215 584 291 637 ad
318 583 499 637 dictas
523 585 824 638 nundinas
850 588 1169 650 quotannis
1194 584 1684 650 proficiscentium
1710 600 1962 650 egeram,
1988 593 2052 638 ut
2078 589 2126 638 is
2152 585 2250 638 hic
2276 593 2413 639 ante

214 655 385 707 suum
404 655 696 708 discessum
715 671 812 708 me
833 659 1173 708 conveniret
1191 656 1505 721 secumque
1530 656 1746 709 librum
1771 663 1942 708 tuum
1964 659 2088 708 una
2110 672 2246 709 cum
2265 661 2414 710 meis

214 727 395 779 literis
409 726 794 779 Francofurto
808 727 884 779 ad
898 733 952 779 te
967 728 1317 780 mittendum
1331 727 1670 793 asportaret;
1685 743 1828 780 nam
1840 734 1895 779 et
1907 727 2011 792 ipfi
2025 730 2203 780 etiam
2216 728 2414 782 literas

215 798 290 850 ad
322 797 580 850 Illustriss.
610 798 941 862 Principem
969 798 1407 864 Landgravium
1436 799 1653 851 Hassiae
1684 798 1971 864 ipfiurque
2002 799 2148 852 Cels.
2179 799 2413 853 Mathe-

150 887 171 904 ν
214 871 497 921 maticum
517 867 1147 930 ROTHMANNUM‚
1169 869 1271 922 ubi
1284 865 1306 938 ΙΙ
1321 870 1594 923 Cassellas
1613 870 1997 935 pertransiret,
2018 871 2414 936 expediendas

214 941 338 992 una
357 942 719 992 committere
738 940 1035 1001 volebam;
1061 940 1160 993 ille
1180 956 1340 1001 vero,
1366 940 1516 993 mihi
1539 940 1706 994 suam
1725 956 1969 1006 operam
1991 940 2105 994 hac
2123 944 2187 994 in
2206 957 2269 994 re
2288 958 2414 995 non

213 1013 500 1076 gravatim
525 1014 888 1076 promittens,
916 1014 1163 1064 omnino
1189 1028 1285 1064 me
1312 1020 1448 1065 ante
1475 1012 1766 1064 discessum
1788 1012 1959 1065 suum
1978 1013 2255 1065 accedere
2277 1029 2412 1066 con-

213 1082 483 1134 stituerat.
504 1083 728 1134 Verum
742 1083 949 1135 accidit
962 1085 1034 1149 ijs
1047 1082 1178 1148 ipfis
1193 1083 1415 1144 diebuS,
1438 1083 1651 1148 quibus
1668 1083 1753 1135 illi
1766 1083 1884 1136 huc
1896 1084 2258 1136 veniendum
2273 1092 2412 1146 erat,

213 1160 278 1205 ut
297 1153 613 1206 Illustribus
639 1153 979 1218 hospitibuS,
1005 1161 1206 1218 utpote
1227 1155 1450 1219 Regina
1474 1154 1596 1219 ipsa
1621 1155 1819 1207 denuo
1838 1170 1934 1207 me
1954 1154 2236 1208 invisente
2258 1163 2314 1208 et
2332 1156 2412 1208 se-

213 1240 350 1276 cum
375 1232 692 1290 utrumque
718 1232 1024 1290 parentem
1049 1225 1376 1277 adducente
1402 1227 1526 1277 una
1551 1241 1686 1277 cum
1709 1226 1856 1278 duce
1881 1225 2412 1289 SIGISMUNDO,

212 1299 406 1361 patrui
426 1295 568 1356 filio,
588 1311 925 1362 magnoque
945 1296 1237 1348 nobilium
1255 1299 1521 1348 virorum
1542 1299 1840 1357 comitatu,
1866 1298 2223 1362 excipiendis
2244 1313 2412 1351 occu-

211 1382 401 1431 parer,
429 1367 589 1432 quod
614 1368 713 1419 ille
737 1367 838 1420 ubi
861 1373 1232 1433 cognoverat,
1260 1374 1316 1419 et
1341 1370 1464 1419 iam
1488 1370 1611 1419 iam
1631 1368 1755 1419 dies
1775 1368 1861 1420 illi
1880 1368 2171 1430 instarent,
2200 1369 2413 1434 quibus

212 1438 331 1490 fine
356 1454 527 1491 mora
552 1439 895 1491 abeundum
922 1445 1061 1500 erat,
1087 1453 1184 1490 me
1210 1453 1334 1490 non
1354 1439 1639 1491 accedens
1658 1441 1852 1491 itineri
1871 1439 1927 1491 se
1947 1441 2071 1491 una
2091 1455 2227 1492 cum
2246 1440 2413 1507 socijs

213 1509 511 1561 commisit.
542 1510 704 1562 Hinc
732 1512 931 1575 itaque
959 1509 1281 1570 eveniebat,
1311 1516 1390 1570 ut,
1420 1509 1534 1562 hac
1560 1510 1977 1562 commoditate
2002 1510 2218 1563 librum
2243 1518 2413 1564 tuum

212 1581 544 1647 remittendi
575 1580 724 1633 mihi
755 1587 895 1633 tunc
926 1586 1233 1646 praerepta‚
1265 1580 1449 1646 usque
1480 1583 1544 1633 in
1575 1580 1690 1633 hoc
1720 1587 1953 1646 tempus
1981 1581 2150 1633 illum
2178 1597 2414 1635 mecum

211 1655 461 1704 retinere
492 1650 728 1704 coactus
756 1651 987 1714 fuerim,
1020 1652 1527 1717 quemadmodum
1556 1655 1735 1704 etiam
1764 1653 2132 1705 Illustrissimo
2161 1653 2415 1720 Principi

211 1723 606 1788 Landtgravio
626 1723 782 1776 hanc
801 1738 999 1776 meam
1018 1723 1227 1775 iustam
1247 1723 1699 1785 excusationem,
1721 1725 1882 1789 quod
1900 1727 2077 1777 etiam
2090 1724 2266 1789 ipfius
2281 1725 2413 1778 Cel-

211 1794 472 1846 fitudinis
491 1797 642 1846 votis
662 1797 726 1846 in
745 1794 1111 1847 rescribendo
1134 1795 1357 1847 tardius
1382 1794 1742 1857 satisfaciam,
1768 1798 2037 1860 proxime
2064 1795 2269 1861 elapfis
2296 1797 2412 1849 die-

210 1866 320 1918 bus
339 1881 443 1931 per
461 1865 659 1918 literas
678 1866 951 1918 indicavi.
971 1866 1196 1932 Perlegi
1214 1873 1417 1919 autem
1436 1865 1597 1918 hunc
1616 1874 1786 1919 tuum
1806 1866 2022 1919 librum
2042 1883 2166 1920 non
2179 1867 2298 1920 fine
2311 1883 2412 1920 vo-

211 1937 432 2002 luptate
453 1943 508 1989 et
528 1937 843 2003 diligentia,
866 1944 1155 2002 tuumque
1175 1940 1238 1990 in
1257 1937 1370 1990 hac
1389 1940 1639 1990 materia
1657 1937 1995 1990 indefessum
2014 1938 2266 1991 studium
2284 1942 2414 2004 pari

210 2008 413 2060 labore
434 2015 489 2060 et
508 2008 785 2061 industria
806 2007 1188 2061 coniunctum
1208 2009 1723 2061 commendatione
1743 2009 2129 2074 dignissimum
2150 2010 2371 2063 censeo.
2390 2006 2412 2079 ΙΙ

147 2097 163 2115 r
211 2080 396 2142 Essent
422 2080 663 2144 quidem
688 2079 998 2141 nonnulla,
1025 2095 1161 2145 quae
1186 2080 1368 2144 paulo
1396 2079 1760 2132 enucleatius
1785 2079 1977 2132 forent
1997 2081 2411 2143 constituenda,

210 2150 252 2202 fi
263 2151 697 2203 observationes
712 2149 932 2204 exactae
947 2153 1071 2203 una
1084 2167 1221 2203 cum
1235 2154 1356 2203 otio
1369 2151 1473 2203 tibi
1485 2151 1868 2216 suppeterent,
1884 2151 1980 2203 sed
1992 2151 2122 2204 sunt
2136 2167 2208 2204 ea
2221 2152 2413 2218 utplu-

211 2225 428 2274 rimum
450 2222 819 2283 eiuscemodi,
847 2238 983 2287 quae
1008 2238 1133 2275 non
1157 2221 1328 2275 facile
1349 2225 1535 2274 cuivis
1556 2222 1732 2275 obvia
1751 2229 2075 2283 occurrant,
2102 2238 2212 2275 nec
2231 2224 2413 2288 usque

211 2292 362 2345 adeo
388 2296 589 2358 magni
613 2296 900 2345 momenti
927 2293 1187 2345 existunt.
1216 2292 1394 2356 Quod
1419 2293 1603 2345 nullae
1630 2309 1703 2345 ex
1729 2294 2006 2346 omnibus
2031 2294 2146 2346 illis
2173 2295 2413 2347 eruditis

212 2370 267 2415 et
288 2364 600 2429 ingeniolis
620 2364 768 2416 alias
788 2364 938 2425 satiS,
966 2365 1179 2429 quibus
1198 2364 1536 2416 Parallaxes
1560 2364 1842 2430 indagare
1869 2365 2060 2426 doceS,
2087 2366 2413 2419 rationibus

210 2438 399 2487 motui
413 2438 652 2500 proprio
668 2436 1055 2488 Cometarum
1070 2435 1214 2500 (quo
1228 2437 1502 2487 rarissime
1517 2436 1739 2499 carent)
1753 2435 2115 2498 satisfaciant,
2134 2437 2412 2498 existimO,

211 2522 307 2558 me
321 2509 385 2558 in
399 2507 619 2558 ultimis
633 2507 709 2558 ad
723 2513 778 2558 te
793 2507 943 2558 datis
955 2506 1135 2559 literis
1150 2507 1530 2567 admonuisse;
1552 2522 1736 2571 quare
1754 2507 1874 2559 alia
1892 2510 1998 2559 erit
2012 2508 2412 2561 Parallaxium

212 2593 249 2629 a
273 2585 440 2629 motu
466 2578 854 2630 Cometarum
882 2580 1120 2642 proprio
1150 2577 1550 2643 separatarum
1579 2577 1927 2630 instituenda
1954 2581 2341 2640 ratiocinatio,
2371 2579 2413 2631 fi

211 2664 335 2700 non
360 2648 549 2701 solum
573 2649 941 2714 speculative,
968 2648 1063 2701 sed
1091 2651 1269 2701 etiam
1294 2652 1357 2700 in
1381 2649 1504 2714 ipsa
1528 2652 1697 2713 praxi
1716 2652 1975 2701 veritatis
1993 2649 2234 2714 scopum
2253 2651 2411 2703 colli·

210 2723 427 2772 matius
441 2723 722 2786 attingere
736 2721 1135 2780 intendamus;
1155 2720 1315 2785 quod
1328 2720 1536 2785 tibiipfi
1549 2720 1793 2772 ulterius
1808 2721 2262 2785 expendendum
2276 2738 2411 2774 con-

210 2791 701 2856 siderandumque
722 2791 1011 2856 relinqu0.
1039 2791 1354 2844 Stellarum
1375 2791 1694 2856 Cassiopeae
1713 2798 1841 2843 tum
1861 2808 1898 2844 a
1916 2791 1972 2843 se
1992 2794 2264 2854 invicem,
2285 2799 2413 2846 tum

212 2865 391 2914 etiam
410 2879 448 2915 a
468 2863 646 2915 Nova
665 2862 768 2915 illa
787 2862 967 2915 Stella
986 2865 1345 2914 remotiones
1370 2862 1552 2927 paulo
1578 2860 1747 2915 aliter
1771 2863 1827 2914 se
1853 2863 2090 2923 habent,
2118 2879 2300 2928 quam
2325 2867 2412 2916 tui

212 2936 391 2985 etiam
411 2932 786 2986 correctiores
806 2940 861 2986 et
880 2936 1135 2986 reiterati
1154 2937 1389 2985 numeri
1409 2933 1708 2994 exhibent;
1732 2933 1806 2986 fic
1827 2937 2006 2986 etiam
2025 2934 2292 2988 distantia
2309 2951 2411 3000 po-

211 3006 353 3056 laris
378 3004 556 3056 stellae
582 3005 656 3057 ab
684 3006 756 3056 ua
778 3005 1113 3070 Cassiopeae,
1140 3020 1248 3070 pro
1275 3021 1394 3069 qua
1418 3012 1650 3056 tantum
1674 3004 1961 3065 laborasti,
1987 3006 2021 3058 9
2046 3005 2330 3071 scrupulis
2348 3009 2413 3058 in

212 3083 322 3127 tua.
341 3078 727 3128 annotatione
753 3076 1030 3128 abundat.
1065 3076 1466 3140 Nequaquam
1492 3071 1512 3144 ΙΙ
1539 3079 1785 3128 omnino
1811 3092 1916 3141 per
1941 3077 2194 3129 Radium
2219 3077 2411 3130 Astro-

211 3149 516 3199 nomicum
542 3146 839 3211 exquifitae
867 3153 922 3198 et
946 3147 1049 3211 ipfi
1075 3147 1228 3199 coelo
1255 3162 1532 3212 congruae
1551 3146 1846 3199 stellarum
1866 3147 2148 3200 distantiae
2169 3149 2293 3201 ulla
2312 3149 2411 3201 ad-

211 3217 396 3269 hibita
422 3217 721 3282 diligentia
746 3220 877 3282 capi
902 3219 1142 3282 possunt,
1169 3233 1524 3283 quacunque
1547 3219 1787 3270 tandem
1808 3218 2172 3285 longitudine
2193 3227 2249 3272 et
2268 3221 2411 3272 divi-

211 3287 440 3339 fionum
459 3287 768 3340 subtilitate
783 3288 1002 3340 Radius
1022 3289 1121 3340 ille
1140 3289 1420 3353 praeditus
1440 3289 1519 3350 fit,
1540 3296 1604 3341 ut
1623 3290 1743 3342 alio
1756 3289 1889 3342 loco
1905 3293 2073 3343 certis
2086 3292 2412 3343 rationibus

211 3358 595 3419 confirmab0,
607 3359 724 3419 ubi,
736 3358 969 3411 favente
982 3360 1264 3420 Numine,
1274 3375 1423 3425 opus
1435 3360 1693 3413 nostrum
1705 3361 1776 3413 de
1787 3364 1979 3426 prima
1991 3369 2046 3414 et
2057 3362 2412 3414 Mechanica

2020 3433 2410 3485 Astronomiae
