<?xml version="1.0" encoding="UTF-8"?>
<!DOCTYPE html PUBLIC "-//W3C//DTD XHTML 1.0 Transitional//EN"
    "http://www.w3.org/TR/xhtml1/DTD/xhtml1-transitional.dtd">
<html xmlns="http://www.w3.org/1999/xhtml" xml:lang="en" lang="en">
 <head>
  <title>
</title>
<meta http-equiv="Content-Type" content="text/html;charset=utf-8" />
  <meta name='ocr-system' content='tesseract 3.04.00' />
  <meta name='ocr-capabilities' content='ocr_page ocr_carea ocr_par ocr_line ocrx_word'/>
</head>
<body>
  <div class='ocr_page' id='page_1' title='image "./operaomniaedidit07brahuoft_0194.png"; bbox 0 0 2644 4030; ppageno 0'>
   <div class='ocr_carea' id='block_1_1' title="bbox 246 287 1915 344">
    <p class='ocr_par' dir='ltr' id='par_1_1' title="bbox 246 287 1915 344">
     <span class='ocr_line' id='line_1_1' title="bbox 246 287 1915 344; baseline -0.002 -2"><span class='ocrx_word' id='word_1_1' title='bbox 246 293 339 344; x_wconf 91' lang='lat'><strong>180</strong></span> <span class='ocrx_word' id='word_1_2' title='bbox 779 288 1217 341; x_wconf 91' lang='lat' dir='ltr'><strong>EPISTOLAE</strong></span> <span class='ocrx_word' id='word_1_3' title='bbox 1243 287 1915 340; x_wconf 88' lang='lat' dir='ltr'><strong>ASTRONOMICAE</strong></span> 
     </span>
    </p>
   </div>
   <div class='ocr_carea' id='block_1_2' title="bbox 245 428 2455 3487">
    <p class='ocr_par' dir='ltr' id='par_1_2' title="bbox 245 428 2447 768">
     <span class='ocr_line' id='line_1_2' title="bbox 246 428 2444 498; baseline -0 -15"><span class='ocrx_word' id='word_1_4' title='bbox 246 434 517 498; x_wconf 92' lang='lat' dir='ltr'><strong>proprius</strong></span> <span class='ocrx_word' id='word_1_5' title='bbox 538 431 614 483; x_wconf 89' lang='lat' dir='ltr'><strong>ad</strong></span> <span class='ocrx_word' id='word_1_6' title='bbox 633 430 854 483; x_wconf 86' lang='lat' dir='ltr'><strong>stellam</strong></span> <span class='ocrx_word' id='word_1_7' title='bbox 874 436 1086 490; x_wconf 82' lang='lat' dir='ltr'><strong>motuS‚</strong></span> <span class='ocrx_word' id='word_1_8' title='bbox 1110 433 1211 494; x_wconf 94' lang='lat' dir='ltr'><strong>qui</strong></span> <span class='ocrx_word' id='word_1_9' title='bbox 1229 428 1567 481; x_wconf 90' lang='lat' dir='ltr'><strong>Parallaxin</strong></span> <span class='ocrx_word' id='word_1_10' title='bbox 1585 428 1872 490; x_wconf 87' lang='lat' dir='ltr'><strong>exhaurit,</strong></span> <span class='ocrx_word' id='word_1_11' title='bbox 1894 428 2328 490; x_wconf 87' lang='lat' dir='ltr'><strong>determinetur,</strong></span> <span class='ocrx_word' id='word_1_12' title='bbox 2349 446 2444 483; x_wconf 93' lang='lat' dir='ltr'><strong>ve-</strong></span> 
     </span>
     <span class='ocr_line' id='line_1_3' title="bbox 246 498 2445 565; baseline -0 -10"><span class='ocrx_word' id='word_1_13' title='bbox 246 519 379 555; x_wconf 93' lang='lat' dir='ltr'><strong>rum</strong></span> <span class='ocrx_word' id='word_1_14' title='bbox 399 518 474 554; x_wconf 91' lang='lat' dir='ltr'><strong>ne</strong></span> <span class='ocrx_word' id='word_1_15' title='bbox 495 501 607 553; x_wconf 92' lang='lat' dir='ltr'><strong>hac</strong></span> <span class='ocrx_word' id='word_1_16' title='bbox 627 505 855 554; x_wconf 91' lang='lat' dir='ltr'><strong>ratione</strong></span> <span class='ocrx_word' id='word_1_17' title='bbox 876 504 1125 553; x_wconf 89' lang='lat' dir='ltr'><strong>remotio</strong></span> <span class='ocrx_word' id='word_1_18' title='bbox 1147 503 1274 552; x_wconf 90' lang='lat' dir='ltr'><strong>eius</strong></span> <span class='ocrx_word' id='word_1_19' title='bbox 1294 515 1332 552; x_wconf 91' lang='lat' dir='ltr'><strong>a</strong></span> <span class='ocrx_word' id='word_1_20' title='bbox 1351 498 1535 551; x_wconf 90' lang='lat' dir='ltr'><strong>Terra</strong></span> <span class='ocrx_word' id='word_1_21' title='bbox 1555 502 1682 551; x_wconf 92' lang='lat' dir='ltr'><strong>erui</strong></span> <span class='ocrx_word' id='word_1_22' title='bbox 1701 502 1927 564; x_wconf 90' lang='lat' dir='ltr'><strong>poterit,</strong></span> <span class='ocrx_word' id='word_1_23' title='bbox 1949 501 2109 564; x_wconf 91' lang='lat' dir='ltr'><strong>quod</strong></span> <span class='ocrx_word' id='word_1_24' title='bbox 2128 516 2232 565; x_wconf 93' lang='lat' dir='ltr'><strong>per</strong></span> <span class='ocrx_word' id='word_1_25' title='bbox 2252 501 2445 554; x_wconf 91' lang='lat' dir='ltr'><strong>Paral-</strong></span> 
     </span>
     <span class='ocr_line' id='line_1_4' title="bbox 245 570 2447 637; baseline 0 -12"><span class='ocrx_word' id='word_1_26' title='bbox 245 575 409 626; x_wconf 89' lang='lat' dir='ltr'><strong>laxin</strong></span> <span class='ocrx_word' id='word_1_27' title='bbox 429 572 557 624; x_wconf 85' lang='lat' dir='ltr'><strong>haec</strong></span> <span class='ocrx_word' id='word_1_28' title='bbox 577 573 844 637; x_wconf 90' lang='lat' dir='ltr'><strong>indagari</strong></span> <span class='ocrx_word' id='word_1_29' title='bbox 864 578 1137 636; x_wconf 84' lang='lat' dir='ltr'><strong>nequeat.</strong></span> <span class='ocrx_word' id='word_1_30' title='bbox 1159 572 1356 635; x_wconf 89' lang='lat' dir='ltr'><strong>Atque</strong></span> <span class='ocrx_word' id='word_1_31' title='bbox 1376 570 1473 623; x_wconf 88' lang='lat' dir='ltr'><strong>hae</strong></span> <span class='ocrx_word' id='word_1_32' title='bbox 1493 571 1623 622; x_wconf 92' lang='lat' dir='ltr'><strong>sunt</strong></span> <span class='ocrx_word' id='word_1_33' title='bbox 1642 574 1916 631; x_wconf 86' lang='lat' dir='ltr'><strong>rationeS‚</strong></span> <span class='ocrx_word' id='word_1_34' title='bbox 1939 571 2151 635; x_wconf 94' lang='lat' dir='ltr'><strong>quibus</strong></span> <span class='ocrx_word' id='word_1_35' title='bbox 2167 572 2447 625; x_wconf 90' lang='lat' dir='ltr'><strong>Cometas</strong></span> 
     </span>
     <span class='ocr_line' id='line_1_5' title="bbox 245 641 2445 708; baseline -0 -12"><span class='ocrx_word' id='word_1_36' title='bbox 245 649 396 696; x_wconf 89' lang='lat' dir='ltr'><strong>inter</strong></span> <span class='ocrx_word' id='word_1_37' title='bbox 425 643 677 695; x_wconf 91' lang='lat' dir='ltr'><strong>coelestia</strong></span> <span class='ocrx_word' id='word_1_38' title='bbox 705 644 900 696; x_wconf 93' lang='lat' dir='ltr'><strong>locare</strong></span> <span class='ocrx_word' id='word_1_39' title='bbox 931 645 1180 704; x_wconf 82' lang='lat' dir='ltr'><strong>conariS‚</strong></span> <span class='ocrx_word' id='word_1_40' title='bbox 1212 657 1394 707; x_wconf 92' lang='lat' dir='ltr'><strong>quam</strong></span> <span class='ocrx_word' id='word_1_41' title='bbox 1419 657 1562 694; x_wconf 90' lang='lat' dir='ltr'><strong>vero</strong></span> <span class='ocrx_word' id='word_1_42' title='bbox 1589 641 1864 694; x_wconf 91' lang='lat' dir='ltr'><strong>deficiant</strong></span> <span class='ocrx_word' id='word_1_43' title='bbox 1894 657 1966 694; x_wconf 92' lang='lat' dir='ltr'><strong>ex</strong></span> <span class='ocrx_word' id='word_1_44' title='bbox 1995 645 2066 708; x_wconf 87' lang='lat' dir='ltr'><strong>ijs</strong></span> <span class='ocrx_word' id='word_1_45' title='bbox 2097 658 2231 707; x_wconf 87' lang='lat' dir='ltr'><strong>quae</strong></span> <span class='ocrx_word' id='word_1_46' title='bbox 2262 643 2445 706; x_wconf 89' lang='lat' dir='ltr'><strong>attuli,</strong></span> 
     </span>
     <span class='ocr_line' id='line_1_6' title="bbox 245 714 1023 768; baseline -0.003 0"><span class='ocrx_word' id='word_1_47' title='bbox 245 714 616 768; x_wconf 80' lang='lat' dir='ltr'><strong>manifestum</strong></span> <span class='ocrx_word' id='word_1_48' title='bbox 637 716 739 766; x_wconf 87' lang='lat' dir='ltr'><strong>esse</strong></span> <span class='ocrx_word' id='word_1_49' title='bbox 761 715 1023 767; x_wconf 87' lang='lat' dir='ltr'><strong>arbitror.</strong></span> 
     </span>
    </p>

    <p class='ocr_par' dir='ltr' id='par_1_3' title="bbox 245 784 2455 3416">
     <span class='ocr_line' id='line_1_7' title="bbox 318 784 2448 850; baseline 0 -12"><span class='ocrx_word' id='word_1_50' title='bbox 318 787 471 850; x_wconf 88' lang='lat' dir='ltr'><strong>Quae</strong></span> <span class='ocrx_word' id='word_1_51' title='bbox 492 784 701 839; x_wconf 74' lang='lat' dir='ltr'><strong>oc‘tavo</strong></span> <span class='ocrx_word' id='word_1_52' title='bbox 723 786 932 850; x_wconf 86' lang='lat' dir='ltr'><strong>Capite</strong></span> <span class='ocrx_word' id='word_1_53' title='bbox 954 784 1146 846; x_wconf 69' lang='lat' dir='ltr'><strong>assem,</strong></span> <span class='ocrx_word' id='word_1_54' title='bbox 1175 800 1310 836; x_wconf 93' lang='lat' dir='ltr'><strong>cum</strong></span> <span class='ocrx_word' id='word_1_55' title='bbox 1330 784 1423 836; x_wconf 92' lang='lat' dir='ltr'><strong>his</strong></span> <span class='ocrx_word' id='word_1_56' title='bbox 1442 787 1722 846; x_wconf 91' lang='lat' dir='ltr'><strong>nitantur,</strong></span> <span class='ocrx_word' id='word_1_57' title='bbox 1750 800 1886 836; x_wconf 94' lang='lat' dir='ltr'><strong>cum</strong></span> <span class='ocrx_word' id='word_1_58' title='bbox 1905 787 1976 850; x_wconf 92' lang='lat' dir='ltr'><strong>ijs</strong></span> <span class='ocrx_word' id='word_1_59' title='bbox 1997 784 2312 846; x_wconf 87' lang='lat' dir='ltr'><strong>confistent,</strong></span> <span class='ocrx_word' id='word_1_60' title='bbox 2339 801 2448 838; x_wconf 93' lang='lat' dir='ltr'><strong>nec</strong></span> 
     </span>
     <span class='ocr_line' id='line_1_8' title="bbox 246 855 2447 923; baseline 0 -14"><span class='ocrx_word' id='word_1_61' title='bbox 246 858 304 910; x_wconf 94' lang='lat' dir='ltr'><strong>id</strong></span> <span class='ocrx_word' id='word_1_62' title='bbox 324 856 589 922; x_wconf 92' lang='lat' dir='ltr'><strong>pluribus</strong></span> <span class='ocrx_word' id='word_1_63' title='bbox 611 859 917 921; x_wconf 89' lang='lat' dir='ltr'><strong>exquirere</strong></span> <span class='ocrx_word' id='word_1_64' title='bbox 938 856 1092 908; x_wconf 91' lang='lat' dir='ltr'><strong>libet.</strong></span> <span class='ocrx_word' id='word_1_65' title='bbox 1115 856 1292 919; x_wconf 93' lang='lat' dir='ltr'><strong>Quod</strong></span> <span class='ocrx_word' id='word_1_66' title='bbox 1313 856 1388 907; x_wconf 93' lang='lat' dir='ltr'><strong>ad</strong></span> <span class='ocrx_word' id='word_1_67' title='bbox 1408 855 1571 908; x_wconf 89' lang='lat' dir='ltr'><strong>illam</strong></span> <span class='ocrx_word' id='word_1_68' title='bbox 1593 856 1883 908; x_wconf 91' lang='lat' dir='ltr'><strong>mundani</strong></span> <span class='ocrx_word' id='word_1_69' title='bbox 1898 856 2227 922; x_wconf 87' lang='lat' dir='ltr'><strong>Systematis</strong></span> <span class='ocrx_word' id='word_1_70' title='bbox 2241 857 2447 923; x_wconf 84' lang='lat' dir='ltr'><strong>Hypo-</strong></span> 
     </span>
     <span class='ocr_line' id='line_1_9' title="bbox 246 927 2448 995; baseline 0 -15"><span class='ocrx_word' id='word_1_71' title='bbox 246 929 470 995; x_wconf 88' lang='lat' dir='ltr'><strong>typofin</strong></span> <span class='ocrx_word' id='word_1_72' title='bbox 497 931 716 987; x_wconf 89' lang='lat' dir='ltr'><strong>attinet,</strong></span> <span class='ocrx_word' id='word_1_73' title='bbox 744 943 879 980; x_wconf 94' lang='lat' dir='ltr'><strong>cum</strong></span> <span class='ocrx_word' id='word_1_74' title='bbox 906 935 969 980; x_wconf 91' lang='lat' dir='ltr'><strong>ut</strong></span> <span class='ocrx_word' id='word_1_75' title='bbox 994 930 1472 992; x_wconf 89' lang='lat' dir='ltr'><strong>penetrationum</strong></span> <span class='ocrx_word' id='word_1_76' title='bbox 1498 927 1922 979; x_wconf 81' lang='lat' dir='ltr'><strong>dimensionem</strong></span> <span class='ocrx_word' id='word_1_77' title='bbox 1950 930 2146 988; x_wconf 90' lang='lat' dir='ltr'><strong>evites,</strong></span> <span class='ocrx_word' id='word_1_78' title='bbox 2176 927 2448 980; x_wconf 89' lang='lat' dir='ltr'><strong>Planetas</strong></span> 
     </span>
     <span class='ocr_line' id='line_1_10' title="bbox 245 998 2447 1064; baseline 0 -13"><span class='ocrx_word' id='word_1_79' title='bbox 245 1016 349 1064; x_wconf 92' lang='lat' dir='ltr'><strong>per</strong></span> <span class='ocrx_word' id='word_1_80' title='bbox 362 1000 654 1064; x_wconf 93' lang='lat' dir='ltr'><strong>liquidum</strong></span> <span class='ocrx_word' id='word_1_81' title='bbox 668 998 915 1051; x_wconf 90' lang='lat' dir='ltr'><strong>AEthera</strong></span> <span class='ocrx_word' id='word_1_82' title='bbox 928 1000 1274 1064; x_wconf 88' lang='lat' dir='ltr'><strong>progressivo</strong></span> <span class='ocrx_word' id='word_1_83' title='bbox 1288 1005 1456 1050; x_wconf 88' lang='lat' dir='ltr'><strong>motu</strong></span> <span class='ocrx_word' id='word_1_84' title='bbox 1468 998 1607 1050; x_wconf 90' lang='lat' dir='ltr'><strong>ferri</strong></span> <span class='ocrx_word' id='word_1_85' title='bbox 1619 998 1844 1058; x_wconf 83' lang='lat' dir='ltr'><strong>statueS,</strong></span> <span class='ocrx_word' id='word_1_86' title='bbox 1867 1005 1931 1050; x_wconf 94' lang='lat' dir='ltr'><strong>ut</strong></span> <span class='ocrx_word' id='word_1_87' title='bbox 1947 998 2067 1051; x_wconf 89' lang='lat' dir='ltr'><strong>alia</strong></span> <span class='ocrx_word' id='word_1_88' title='bbox 2082 1006 2447 1064; x_wconf 77' lang='lat' dir='ltr'><strong>praeteream,</strong></span> 
     </span>
     <span class='ocr_line' id='line_1_11' title="bbox 247 1070 2448 1136; baseline 0 -13"><span class='ocrx_word' id='word_1_89' title='bbox 247 1071 544 1123; x_wconf 89' lang='lat' dir='ltr'><strong>circularis</strong></span> <span class='ocrx_word' id='word_1_90' title='bbox 558 1077 753 1122; x_wconf 93' lang='lat' dir='ltr'><strong>motus</strong></span> <span class='ocrx_word' id='word_1_91' title='bbox 768 1070 1140 1136; x_wconf 88' lang='lat' dir='ltr'><strong>Hypothefin</strong></span> <span class='ocrx_word' id='word_1_92' title='bbox 1155 1076 1396 1130; x_wconf 85' lang='lat' dir='ltr'><strong>everteS‚</strong></span> <span class='ocrx_word' id='word_1_93' title='bbox 1417 1076 1471 1121; x_wconf 92' lang='lat' dir='ltr'><strong>et</strong></span> <span class='ocrx_word' id='word_1_94' title='bbox 1488 1085 1782 1135; x_wconf 91' lang='lat' dir='ltr'><strong>apparens</strong></span> <span class='ocrx_word' id='word_1_95' title='bbox 1797 1070 2101 1122; x_wconf 91' lang='lat' dir='ltr'><strong>anomalia</strong></span> <span class='ocrx_word' id='word_1_96' title='bbox 2113 1085 2217 1135; x_wconf 96' lang='lat' dir='ltr'><strong>per</strong></span> <span class='ocrx_word' id='word_1_97' title='bbox 2230 1070 2448 1123; x_wconf 90' lang='lat' dir='ltr'><strong>helices</strong></span> 
     </span>
     <span class='ocr_line' id='line_1_12' title="bbox 247 1140 2448 1207; baseline 0 -13"><span class='ocrx_word' id='word_1_98' title='bbox 247 1142 773 1194; x_wconf 88' lang='lat' dir='ltr'><strong>indemonstrabilis</strong></span> <span class='ocrx_word' id='word_1_99' title='bbox 794 1148 850 1194; x_wconf 92' lang='lat' dir='ltr'><strong>et</strong></span> <span class='ocrx_word' id='word_1_100' title='bbox 869 1141 1295 1206; x_wconf 92' lang='lat' dir='ltr'><strong>inexplicabilis</strong></span> <span class='ocrx_word' id='word_1_101' title='bbox 1316 1141 1605 1193; x_wconf 91' lang='lat' dir='ltr'><strong>reddetur.</strong></span> <span class='ocrx_word' id='word_1_102' title='bbox 1627 1141 1720 1194; x_wconf 93' lang='lat' dir='ltr'><strong>Sic</strong></span> <span class='ocrx_word' id='word_1_103' title='bbox 1736 1140 1811 1193; x_wconf 81' lang='lat' dir='ltr'><strong>est</strong></span> <span class='ocrx_word' id='word_1_104' title='bbox 1825 1140 2082 1207; x_wconf 83' lang='lat' dir='ltr'><strong>Systema</strong></span> <span class='ocrx_word' id='word_1_105' title='bbox 2103 1141 2448 1194; x_wconf 82' lang='lat' dir='ltr'><strong>constituen-</strong></span> 
     </span>
     <span class='ocr_line' id='line_1_13' title="bbox 247 1212 2449 1278; baseline 0 -13"><span class='ocrx_word' id='word_1_106' title='bbox 247 1214 405 1274; x_wconf 91' lang='lat' dir='ltr'><strong>dum,</strong></span> <span class='ocrx_word' id='word_1_107' title='bbox 424 1219 487 1265; x_wconf 95' lang='lat' dir='ltr'><strong>ut</strong></span> <span class='ocrx_word' id='word_1_108' title='bbox 504 1213 720 1266; x_wconf 91' lang='lat' dir='ltr'><strong>habeat</strong></span> <span class='ocrx_word' id='word_1_109' title='bbox 735 1213 1213 1274; x_wconf 84' lang='lat' dir='ltr'><strong>MathematicuS,</strong></span> <span class='ocrx_word' id='word_1_110' title='bbox 1232 1215 1295 1264; x_wconf 94' lang='lat' dir='ltr'><strong>in</strong></span> <span class='ocrx_word' id='word_1_111' title='bbox 1313 1228 1431 1277; x_wconf 95' lang='lat' dir='ltr'><strong>quo</strong></span> <span class='ocrx_word' id='word_1_112' title='bbox 1447 1212 1790 1277; x_wconf 85' lang='lat' dir='ltr'><strong>acquiescat,</strong></span> <span class='ocrx_word' id='word_1_113' title='bbox 1808 1227 1917 1264; x_wconf 92' lang='lat' dir='ltr'><strong>nec</strong></span> <span class='ocrx_word' id='word_1_114' title='bbox 1934 1212 2174 1278; x_wconf 85' lang='lat' dir='ltr'><strong>Phyfico</strong></span> <span class='ocrx_word' id='word_1_115' title='bbox 2191 1213 2270 1274; x_wconf 90' lang='lat' dir='ltr'><strong>fit,</strong></span> <span class='ocrx_word' id='word_1_116' title='bbox 2289 1213 2449 1277; x_wconf 92' lang='lat' dir='ltr'><strong>quod</strong></span> 
     </span>
     <span class='ocr_line' id='line_1_14' title="bbox 247 1283 2449 1349; baseline 0 -12"><span class='ocrx_word' id='word_1_117' title='bbox 247 1285 673 1346; x_wconf 89' lang='lat' dir='ltr'><strong>obmurmuret;</strong></span> <span class='ocrx_word' id='word_1_118' title='bbox 695 1300 836 1337; x_wconf 92' lang='lat' dir='ltr'><strong>nam</strong></span> <span class='ocrx_word' id='word_1_119' title='bbox 857 1290 1160 1349; x_wconf 90' lang='lat' dir='ltr'><strong>nequeunt</strong></span> <span class='ocrx_word' id='word_1_120' title='bbox 1179 1284 1397 1336; x_wconf 94' lang='lat' dir='ltr'><strong>horum</strong></span> <span class='ocrx_word' id='word_1_121' title='bbox 1416 1283 1909 1348; x_wconf 87' lang='lat' dir='ltr'><strong>Philosophorum</strong></span> <span class='ocrx_word' id='word_1_122' title='bbox 1929 1283 2449 1337; x_wconf 84' lang='lat' dir='ltr'><strong>demonstrationes</strong></span> 
     </span>
     <span class='ocr_line' id='line_1_15' title="bbox 247 1355 2448 1421; baseline -0 -13"><span class='ocrx_word' id='word_1_123' title='bbox 247 1356 662 1408; x_wconf 89' lang='lat' dir='ltr'><strong>contradicere.</strong></span> <span class='ocrx_word' id='word_1_124' title='bbox 691 1356 1038 1408; x_wconf 88' lang='lat' dir='ltr'><strong>Illustrissimi</strong></span> <span class='ocrx_word' id='word_1_125' title='bbox 1065 1355 1138 1407; x_wconf 89' lang='lat' dir='ltr'><strong>D.</strong></span> <span class='ocrx_word' id='word_1_126' title='bbox 1167 1355 1516 1421; x_wconf 88' lang='lat' dir='ltr'><strong>Landgravij</strong></span> <span class='ocrx_word' id='word_1_127' title='bbox 1544 1355 1979 1407; x_wconf 90' lang='lat' dir='ltr'><strong>observationes</strong></span> <span class='ocrx_word' id='word_1_128' title='bbox 2001 1355 2174 1407; x_wconf 91' lang='lat' dir='ltr'><strong>valde</strong></span> <span class='ocrx_word' id='word_1_129' title='bbox 2199 1355 2448 1420; x_wconf 90' lang='lat' dir='ltr'><strong>placent,</strong></span> 
     </span>
     <span class='ocr_line' id='line_1_16' title="bbox 247 1426 2448 1493; baseline -0 -14"><span class='ocrx_word' id='word_1_130' title='bbox 247 1443 355 1479; x_wconf 91' lang='lat' dir='ltr'><strong>nec</strong></span> <span class='ocrx_word' id='word_1_131' title='bbox 384 1426 602 1487; x_wconf 86' lang='lat' dir='ltr'><strong>dubito,</strong></span> <span class='ocrx_word' id='word_1_132' title='bbox 634 1430 779 1492; x_wconf 93' lang='lat' dir='ltr'><strong>quin</strong></span> <span class='ocrx_word' id='word_1_133' title='bbox 806 1443 878 1479; x_wconf 94' lang='lat' dir='ltr'><strong>ex</strong></span> <span class='ocrx_word' id='word_1_134' title='bbox 903 1430 975 1493; x_wconf 90' lang='lat' dir='ltr'><strong>ijs</strong></span> <span class='ocrx_word' id='word_1_135' title='bbox 1000 1428 1160 1492; x_wconf 88' lang='lat' dir='ltr'><strong>possit</strong></span> <span class='ocrx_word' id='word_1_136' title='bbox 1187 1426 1520 1491; x_wconf 87' lang='lat' dir='ltr'><strong>quaestionis</strong></span> <span class='ocrx_word' id='word_1_137' title='bbox 1543 1429 1759 1478; x_wconf 91' lang='lat' dir='ltr'><strong>veritas</strong></span> <span class='ocrx_word' id='word_1_138' title='bbox 1784 1426 1929 1479; x_wconf 92' lang='lat' dir='ltr'><strong>elici.</strong></span> <span class='ocrx_word' id='word_1_139' title='bbox 1964 1426 2159 1479; x_wconf 91' lang='lat' dir='ltr'><strong>Rudes</strong></span> <span class='ocrx_word' id='word_1_140' title='bbox 2185 1426 2448 1479; x_wconf 93' lang='lat' dir='ltr'>MAEST-</span> 
     </span>
     <span class='ocr_line' id='line_1_17' title="bbox 248 1498 2449 1562; baseline 0 -12"><span class='ocrx_word' id='word_1_141' title='bbox 248 1498 411 1550; x_wconf 94' lang='lat' dir='ltr'>LINI</span> <span class='ocrx_word' id='word_1_142' title='bbox 428 1506 482 1550; x_wconf 92' lang='lat' dir='ltr'><strong>et</strong></span> <span class='ocrx_word' id='word_1_143' title='bbox 498 1498 873 1561; x_wconf 90' lang='lat' dir='ltr'>CORNELIJ</span> <span class='ocrx_word' id='word_1_144' title='bbox 900 1501 1233 1551; x_wconf 89' lang='lat' dir='ltr'><strong>notationes</strong></span> <span class='ocrx_word' id='word_1_145' title='bbox 1253 1498 1387 1550; x_wconf 92' lang='lat' dir='ltr'><strong>licet</strong></span> <span class='ocrx_word' id='word_1_146' title='bbox 1404 1498 1479 1550; x_wconf 92' lang='lat' dir='ltr'><strong>ad</strong></span> <span class='ocrx_word' id='word_1_147' title='bbox 1497 1504 1882 1562; x_wconf 88' lang='lat' dir='ltr'><strong>apparentem</strong></span> <span class='ocrx_word' id='word_1_148' title='bbox 1900 1504 2130 1549; x_wconf 91' lang='lat' dir='ltr'><strong>motum</strong></span> <span class='ocrx_word' id='word_1_149' title='bbox 2151 1498 2449 1550; x_wconf 88' lang='lat' dir='ltr'><strong>ostenden-</strong></span> 
     </span>
     <span class='ocr_line' id='line_1_18' title="bbox 248 1569 2449 1634; baseline 0 -12"><span class='ocrx_word' id='word_1_150' title='bbox 248 1570 391 1622; x_wconf 93' lang='lat' dir='ltr'><strong>dum</strong></span> <span class='ocrx_word' id='word_1_151' title='bbox 405 1569 607 1634; x_wconf 90' lang='lat' dir='ltr'><strong>aliquo</strong></span> <span class='ocrx_word' id='word_1_152' title='bbox 622 1570 802 1621; x_wconf 94' lang='lat' dir='ltr'><strong>modo</strong></span> <span class='ocrx_word' id='word_1_153' title='bbox 816 1570 1049 1630; x_wconf 89' lang='lat' dir='ltr'><strong>faciant,</strong></span> <span class='ocrx_word' id='word_1_154' title='bbox 1066 1569 1141 1621; x_wconf 91' lang='lat' dir='ltr'><strong>ad</strong></span> <span class='ocrx_word' id='word_1_155' title='bbox 1154 1570 1421 1622; x_wconf 84' lang='lat' dir='ltr'><strong>Cometae</strong></span> <span class='ocrx_word' id='word_1_156' title='bbox 1435 1569 1604 1621; x_wconf 84' lang='lat' dir='ltr'><strong>situm</strong></span> <span class='ocrx_word' id='word_1_157' title='bbox 1619 1569 2136 1622; x_wconf 91' lang='lat' dir='ltr'><strong>demonstrandum</strong></span> <span class='ocrx_word' id='word_1_158' title='bbox 2150 1569 2300 1621; x_wconf 89' lang='lat' dir='ltr'><strong>nihil</strong></span> <span class='ocrx_word' id='word_1_159' title='bbox 2314 1585 2449 1622; x_wconf 91' lang='lat' dir='ltr'><strong>con-</strong></span> 
     </span>
     <span class='ocr_line' id='line_1_19' title="bbox 247 1640 2451 1706; baseline 0 -14"><span class='ocrx_word' id='word_1_160' title='bbox 247 1640 457 1693; x_wconf 90' lang='lat' dir='ltr'><strong>ferunt.</strong></span> <span class='ocrx_word' id='word_1_161' title='bbox 486 1641 555 1693; x_wconf 92' lang='lat' dir='ltr'><strong>Et</strong></span> <span class='ocrx_word' id='word_1_162' title='bbox 575 1641 744 1692; x_wconf 94' lang='lat' dir='ltr'><strong>illum</strong></span> <span class='ocrx_word' id='word_1_163' title='bbox 764 1641 1141 1706; x_wconf 86' lang='lat' dir='ltr'><strong>Philosophia</strong></span> <span class='ocrx_word' id='word_1_164' title='bbox 1160 1640 1541 1705; x_wconf 88' lang='lat' dir='ltr'><strong>Tubingenfis</strong></span> <span class='ocrx_word' id='word_1_165' title='bbox 1561 1640 1773 1692; x_wconf 91' lang='lat' dir='ltr'><strong>melius</strong></span> <span class='ocrx_word' id='word_1_166' title='bbox 1797 1643 1985 1706; x_wconf 91' lang='lat' dir='ltr'><strong>potuit</strong></span> <span class='ocrx_word' id='word_1_167' title='bbox 2007 1640 2316 1702; x_wconf 90' lang='lat' dir='ltr'><strong>instituere,</strong></span> <span class='ocrx_word' id='word_1_168' title='bbox 2344 1640 2451 1693; x_wconf 90' lang='lat' dir='ltr'><strong>nifi</strong></span> 
     </span>
     <span class='ocr_line' id='line_1_20' title="bbox 247 1711 2449 1777; baseline 0 -14"><span class='ocrx_word' id='word_1_169' title='bbox 247 1711 569 1777; x_wconf 85' lang='lat' dir='ltr'><strong>phantafiae</strong></span> <span class='ocrx_word' id='word_1_170' title='bbox 606 1711 962 1765; x_wconf 69' lang='lat' dir='ltr'><strong>ostentandae</strong></span> <span class='ocrx_word' id='word_1_171' title='bbox 999 1712 1173 1764; x_wconf 91' lang='lat' dir='ltr'><strong>causa</strong></span> <span class='ocrx_word' id='word_1_172' title='bbox 1208 1712 1492 1764; x_wconf 92' lang='lat' dir='ltr'><strong>eiusmodi</strong></span> <span class='ocrx_word' id='word_1_173' title='bbox 1527 1711 1807 1777; x_wconf 90' lang='lat' dir='ltr'><strong>figmenta</strong></span> <span class='ocrx_word' id='word_1_174' title='bbox 1841 1711 2141 1776; x_wconf 91' lang='lat' dir='ltr'><strong>publicare</strong></span> <span class='ocrx_word' id='word_1_175' title='bbox 2172 1711 2449 1764; x_wconf 87' lang='lat' dir='ltr'><strong>voluisset.</strong></span> 
     </span>
     <span class='ocr_line' id='line_1_21' title="bbox 249 1782 2450 1848; baseline 0 -13"><span class='ocrx_word' id='word_1_176' title='bbox 249 1783 747 1844; x_wconf 88' lang='lat' dir='ltr'><strong>HAGGECIUS,</strong></span> <span class='ocrx_word' id='word_1_177' title='bbox 771 1799 906 1848; x_wconf 84' lang='lat' dir='ltr'><strong>quae</strong></span> <span class='ocrx_word' id='word_1_178' title='bbox 921 1786 984 1835; x_wconf 92' lang='lat' dir='ltr'><strong>in</strong></span> <span class='ocrx_word' id='word_1_179' title='bbox 998 1783 1176 1835; x_wconf 92' lang='lat' dir='ltr'><strong>Nova</strong></span> <span class='ocrx_word' id='word_1_180' title='bbox 1191 1783 1371 1836; x_wconf 88' lang='lat' dir='ltr'><strong>Stella</strong></span> <span class='ocrx_word' id='word_1_181' title='bbox 1387 1799 1601 1848; x_wconf 93' lang='lat' dir='ltr'><strong>parum</strong></span> <span class='ocrx_word' id='word_1_182' title='bbox 1619 1798 1691 1834; x_wconf 91' lang='lat' dir='ltr'><strong>ex</strong></span> <span class='ocrx_word' id='word_1_183' title='bbox 1708 1789 1831 1835; x_wconf 90' lang='lat' dir='ltr'><strong>arte</strong></span> <span class='ocrx_word' id='word_1_184' title='bbox 1851 1782 2186 1848; x_wconf 74' lang='lat' dir='ltr'><strong>praestiterit,</strong></span> <span class='ocrx_word' id='word_1_185' title='bbox 2207 1799 2304 1835; x_wconf 93' lang='lat' dir='ltr'><strong>me</strong></span> <span class='ocrx_word' id='word_1_186' title='bbox 2324 1799 2450 1836; x_wconf 92' lang='lat' dir='ltr'><strong>non</strong></span> 
     </span>
     <span class='ocr_line' id='line_1_22' title="bbox 247 1854 2450 1916; baseline 0 -10"><span class='ocrx_word' id='word_1_187' title='bbox 247 1854 401 1916; x_wconf 91' lang='lat' dir='ltr'><strong>latet,</strong></span> <span class='ocrx_word' id='word_1_188' title='bbox 423 1861 487 1906; x_wconf 91' lang='lat' dir='ltr'><strong>ut</strong></span> <span class='ocrx_word' id='word_1_189' title='bbox 506 1858 724 1906; x_wconf 91' lang='lat' dir='ltr'><strong>mirum</strong></span> <span class='ocrx_word' id='word_1_190' title='bbox 742 1871 866 1907; x_wconf 93' lang='lat' dir='ltr'><strong>non</strong></span> <span class='ocrx_word' id='word_1_191' title='bbox 879 1855 957 1915; x_wconf 89' lang='lat' dir='ltr'><strong>fit,</strong></span> <span class='ocrx_word' id='word_1_192' title='bbox 980 1858 1043 1906; x_wconf 93' lang='lat' dir='ltr'><strong>in</strong></span> <span class='ocrx_word' id='word_1_193' title='bbox 1062 1854 1175 1907; x_wconf 93' lang='lat' dir='ltr'><strong>hoc</strong></span> <span class='ocrx_word' id='word_1_194' title='bbox 1192 1855 1442 1907; x_wconf 88' lang='lat' dir='ltr'><strong>Cometa</strong></span> <span class='ocrx_word' id='word_1_195' title='bbox 1454 1861 1577 1907; x_wconf 92' lang='lat' dir='ltr'><strong>tam</strong></span> <span class='ocrx_word' id='word_1_196' title='bbox 1590 1854 1746 1906; x_wconf 87' lang='lat' dir='ltr'><strong>fuisse</strong></span> <span class='ocrx_word' id='word_1_197' title='bbox 1761 1857 2065 1907; x_wconf 90' lang='lat' dir='ltr'><strong>incertum.</strong></span> <span class='ocrx_word' id='word_1_198' title='bbox 2088 1855 2216 1906; x_wconf 93' lang='lat' dir='ltr'><strong>Imo</strong></span> <span class='ocrx_word' id='word_1_199' title='bbox 2230 1857 2450 1907; x_wconf 93' lang='lat' dir='ltr'><strong>mirum</strong></span> 
     </span>
     <span class='ocr_line' id='line_1_23' title="bbox 248 1922 2449 1994; baseline 0 -17"><span class='ocrx_word' id='word_1_200' title='bbox 248 1941 371 1977; x_wconf 93' lang='lat' dir='ltr'><strong>non</strong></span> <span class='ocrx_word' id='word_1_201' title='bbox 392 1925 466 1978; x_wconf 87' lang='lat' dir='ltr'><strong>est</strong></span> <span class='ocrx_word' id='word_1_202' title='bbox 486 1925 596 1977; x_wconf 96' lang='lat' dir='ltr'><strong>hos</strong></span> <span class='ocrx_word' id='word_1_203' title='bbox 617 1926 1075 1978; x_wconf 89' lang='lat' dir='ltr'><strong>Mathematicos</strong></span> <span class='ocrx_word' id='word_1_204' title='bbox 1101 1928 1164 1977; x_wconf 92' lang='lat' dir='ltr'><strong>in</strong></span> <span class='ocrx_word' id='word_1_205' title='bbox 1189 1932 1311 1978; x_wconf 90' lang='lat' dir='ltr'><strong>tam</strong></span> <span class='ocrx_word' id='word_1_206' title='bbox 1339 1926 1650 1978; x_wconf 88' lang='lat' dir='ltr'><strong>absurdam</strong></span> <span class='ocrx_word' id='word_1_207' title='bbox 1673 1926 1863 1991; x_wconf 91' lang='lat' dir='ltr'><strong>abijsse</strong></span> <span class='ocrx_word' id='word_1_208' title='bbox 1883 1925 2245 1987; x_wconf 89' lang='lat' dir='ltr'><strong>sententiam,</strong></span> <span class='ocrx_word' id='word_1_209' title='bbox 2271 1941 2408 1978; x_wconf 93' lang='lat' dir='ltr'><strong>cum</strong></span> <span class='ocrx_word' id='word_1_210' title='bbox 2427 1922 2449 1994; x_wconf 87' lang='grc' dir='ltr'><strong>ΙΙ</strong></span> 
     </span>
     <span class='ocr_line' id='line_1_24' title="bbox 247 1996 2448 2062; baseline 0 -14"><span class='ocrx_word' id='word_1_211' title='bbox 247 2013 356 2049; x_wconf 93' lang='lat' dir='ltr'><strong>nec</strong></span> <span class='ocrx_word' id='word_1_212' title='bbox 375 1996 721 2049; x_wconf 85' lang='lat' dir='ltr'><strong>sufficientia</strong></span> <span class='ocrx_word' id='word_1_213' title='bbox 741 1998 816 2049; x_wconf 91' lang='lat' dir='ltr'><strong>ad</strong></span> <span class='ocrx_word' id='word_1_214' title='bbox 836 1997 1272 2061; x_wconf 81' lang='lat' dir='ltr'><strong>inquisitionem</strong></span> <span class='ocrx_word' id='word_1_215' title='bbox 1291 1997 1646 2062; x_wconf 88' lang='lat' dir='ltr'><strong>propofitam</strong></span> <span class='ocrx_word' id='word_1_216' title='bbox 1667 1997 1804 2048; x_wconf 92' lang='lat' dir='ltr'><strong>data</strong></span> <span class='ocrx_word' id='word_1_217' title='bbox 1823 1996 2180 2061; x_wconf 91' lang='lat' dir='ltr'><strong>sumpserint,</strong></span> <span class='ocrx_word' id='word_1_218' title='bbox 2201 2013 2310 2051; x_wconf 93' lang='lat' dir='ltr'><strong>nec</strong></span> <span class='ocrx_word' id='word_1_219' title='bbox 2331 2013 2448 2049; x_wconf 90' lang='lat' dir='ltr'><strong>cer-</strong></span> 
     </span>
     <span class='ocr_line' id='line_1_25' title="bbox 248 2067 2450 2133; baseline 0 -13"><span class='ocrx_word' id='word_1_220' title='bbox 248 2074 370 2120; x_wconf 90' lang='lat' dir='ltr'><strong>tam</strong></span> <span class='ocrx_word' id='word_1_221' title='bbox 390 2067 675 2120; x_wconf 89' lang='lat' dir='ltr'><strong>haberent</strong></span> <span class='ocrx_word' id='word_1_222' title='bbox 695 2069 1265 2129; x_wconf 87' lang='lat' dir='ltr'><strong>demonstrationem,</strong></span> <span class='ocrx_word' id='word_1_223' title='bbox 1287 2084 1470 2133; x_wconf 89' lang='lat' dir='ltr'><strong>quam</strong></span> <span class='ocrx_word' id='word_1_224' title='bbox 1489 2068 1888 2133; x_wconf 89' lang='lat' dir='ltr'><strong>sequerentur:</strong></span> <span class='ocrx_word' id='word_1_225' title='bbox 1911 2068 2054 2120; x_wconf 94' lang='lat' dir='ltr'><strong>Non</strong></span> <span class='ocrx_word' id='word_1_226' title='bbox 2075 2071 2234 2120; x_wconf 91' lang='lat' dir='ltr'><strong>enim</strong></span> <span class='ocrx_word' id='word_1_227' title='bbox 2254 2069 2450 2121; x_wconf 90' lang='lat' dir='ltr'><strong>adhuc</strong></span> 
     </span>
     <span class='ocr_line' id='line_1_26' title="bbox 249 2139 2451 2204; baseline 0 -13"><span class='ocrx_word' id='word_1_228' title='bbox 249 2139 479 2200; x_wconf 85' lang='lat' dir='ltr'><strong>constat,</strong></span> <span class='ocrx_word' id='word_1_229' title='bbox 501 2155 610 2191; x_wconf 93' lang='lat' dir='ltr'><strong>nec</strong></span> <span class='ocrx_word' id='word_1_230' title='bbox 631 2140 1089 2192; x_wconf 87' lang='lat' dir='ltr'><strong>demonstratum</strong></span> <span class='ocrx_word' id='word_1_231' title='bbox 1107 2140 1181 2192; x_wconf 87' lang='lat' dir='ltr'><strong>est</strong></span> <span class='ocrx_word' id='word_1_232' title='bbox 1199 2140 1272 2192; x_wconf 89' lang='lat' dir='ltr'><strong>ab</strong></span> <span class='ocrx_word' id='word_1_233' title='bbox 1290 2139 1431 2201; x_wconf 87' lang='lat' dir='ltr'><strong>uno,</strong></span> <span class='ocrx_word' id='word_1_234' title='bbox 1454 2146 1744 2204; x_wconf 91' lang='lat' dir='ltr'><strong>quantum</strong></span> <span class='ocrx_word' id='word_1_235' title='bbox 1761 2139 1893 2201; x_wconf 92' lang='lat' dir='ltr'><strong>sci0,</strong></span> <span class='ocrx_word' id='word_1_236' title='bbox 1915 2155 2035 2204; x_wconf 88' lang='lat' dir='ltr'><strong>qua</strong></span> <span class='ocrx_word' id='word_1_237' title='bbox 2049 2143 2277 2192; x_wconf 92' lang='lat' dir='ltr'><strong>ratione</strong></span> <span class='ocrx_word' id='word_1_238' title='bbox 2290 2141 2451 2204; x_wconf 85' lang='lat' dir='ltr'><strong>possit</strong></span> 
     </span>
     <span class='ocr_line' id='line_1_27' title="bbox 250 2210 2450 2276; baseline 0.001 -14"><span class='ocrx_word' id='word_1_239' title='bbox 250 2211 635 2263; x_wconf 91' lang='lat' dir='ltr'><strong>Cometarum</strong></span> <span class='ocrx_word' id='word_1_240' title='bbox 664 2213 913 2263; x_wconf 92' lang='lat' dir='ltr'><strong>remotio</strong></span> <span class='ocrx_word' id='word_1_241' title='bbox 944 2211 1192 2272; x_wconf 90' lang='lat' dir='ltr'><strong>definiri,</strong></span> <span class='ocrx_word' id='word_1_242' title='bbox 1219 2211 1260 2262; x_wconf 88' lang='lat' dir='ltr'>fi</span> <span class='ocrx_word' id='word_1_243' title='bbox 1285 2214 1592 2276; x_wconf 94' lang='lat' dir='ltr'><strong>proprium</strong></span> <span class='ocrx_word' id='word_1_244' title='bbox 1620 2210 1879 2263; x_wconf 90' lang='lat' dir='ltr'><strong>habeant</strong></span> <span class='ocrx_word' id='word_1_245' title='bbox 1903 2218 2150 2263; x_wconf 90' lang='lat' dir='ltr'><strong>motum.</strong></span> <span class='ocrx_word' id='word_1_246' title='bbox 2181 2211 2450 2264; x_wconf 90' lang='lat' dir='ltr'>REGIO-</span> 
     </span>
     <span class='ocr_line' id='line_1_28' title="bbox 249 2281 2450 2348; baseline 0.001 -15"><span class='ocrx_word' id='word_1_247' title='bbox 249 2281 634 2334; x_wconf 89' lang='lat' dir='ltr'>MONTANI</span> <span class='ocrx_word' id='word_1_248' title='bbox 655 2282 1068 2335; x_wconf 85' lang='lat' dir='ltr'><strong>demonstratio</strong></span> <span class='ocrx_word' id='word_1_249' title='bbox 1085 2286 1148 2334; x_wconf 93' lang='lat' dir='ltr'><strong>in</strong></span> <span class='ocrx_word' id='word_1_250' title='bbox 1165 2282 1484 2335; x_wconf 90' lang='lat' dir='ltr'><strong>absurdum</strong></span> <span class='ocrx_word' id='word_1_251' title='bbox 1497 2282 1631 2335; x_wconf 90' lang='lat' dir='ltr'><strong>abit.</strong></span> <span class='ocrx_word' id='word_1_252' title='bbox 1654 2282 2044 2335; x_wconf 89' lang='lat' dir='ltr'>DIGESSAEI</span> <span class='ocrx_word' id='word_1_253' title='bbox 2058 2282 2171 2335; x_wconf 89' lang='lat' dir='ltr'><strong>alae</strong></span> <span class='ocrx_word' id='word_1_254' title='bbox 2186 2298 2310 2335; x_wconf 93' lang='lat' dir='ltr'><strong>non</strong></span> <span class='ocrx_word' id='word_1_255' title='bbox 2323 2298 2450 2348; x_wconf 94' lang='lat' dir='ltr'><strong>per-</strong></span> 
     </span>
     <span class='ocr_line' id='line_1_29' title="bbox 249 2352 2449 2419; baseline 0.001 -15"><span class='ocrx_word' id='word_1_256' title='bbox 249 2356 477 2418; x_wconf 89' lang='lat' dir='ltr'><strong>tingunt</strong></span> <span class='ocrx_word' id='word_1_257' title='bbox 498 2369 586 2414; x_wconf 89' lang='lat' dir='ltr'><strong>e0,</strong></span> <span class='ocrx_word' id='word_1_258' title='bbox 615 2360 670 2405; x_wconf 91' lang='lat' dir='ltr'><strong>et</strong></span> <span class='ocrx_word' id='word_1_259' title='bbox 695 2354 799 2406; x_wconf 91' lang='lat' dir='ltr'><strong>illa</strong></span> <span class='ocrx_word' id='word_1_260' title='bbox 824 2352 1119 2406; x_wconf 70' lang='lat' dir='ltr'><strong>doctissimi</strong></span> <span class='ocrx_word' id='word_1_261' title='bbox 1138 2353 1553 2416; x_wconf 94' lang='lat' dir='ltr'>WITTICHIJ</span> <span class='ocrx_word' id='word_1_262' title='bbox 1582 2354 1784 2419; x_wconf 90' lang='lat' dir='ltr'><strong>(quem</strong></span> <span class='ocrx_word' id='word_1_263' title='bbox 1804 2354 1879 2406; x_wconf 90' lang='lat' dir='ltr'><strong>ad</strong></span> <span class='ocrx_word' id='word_1_264' title='bbox 1900 2354 2152 2406; x_wconf 86' lang='lat' dir='ltr'><strong>coelestia</strong></span> <span class='ocrx_word' id='word_1_265' title='bbox 2173 2355 2449 2419; x_wconf 87' lang='lat' dir='ltr'><strong>migrasse,</strong></span> 
     </span>
     <span class='ocr_line' id='line_1_30' title="bbox 249 2424 2450 2491; baseline 0 -15"><span class='ocrx_word' id='word_1_266' title='bbox 249 2425 324 2477; x_wconf 93' lang='lat' dir='ltr'><strong>ad</strong></span> <span class='ocrx_word' id='word_1_267' title='bbox 339 2440 474 2489; x_wconf 86' lang='lat' dir='ltr'><strong>quae</strong></span> <span class='ocrx_word' id='word_1_268' title='bbox 488 2425 717 2477; x_wconf 93' lang='lat' dir='ltr'><strong>summo</strong></span> <span class='ocrx_word' id='word_1_269' title='bbox 731 2425 916 2477; x_wconf 84' lang='lat' dir='ltr'><strong>studio</strong></span> <span class='ocrx_word' id='word_1_270' title='bbox 936 2425 1161 2491; x_wconf 92' lang='lat' dir='ltr'><strong>semper</strong></span> <span class='ocrx_word' id='word_1_271' title='bbox 1181 2425 1468 2490; x_wconf 88' lang='lat' dir='ltr'><strong>aspiravit,</strong></span> <span class='ocrx_word' id='word_1_272' title='bbox 1489 2425 1871 2477; x_wconf 92' lang='lat' dir='ltr'><strong>vehementer</strong></span> <span class='ocrx_word' id='word_1_273' title='bbox 1891 2425 2080 2486; x_wconf 91' lang='lat' dir='ltr'><strong>dole0,</strong></span> <span class='ocrx_word' id='word_1_274' title='bbox 2101 2425 2197 2477; x_wconf 93' lang='lat' dir='ltr'><strong>vel</strong></span> <span class='ocrx_word' id='word_1_275' title='bbox 2217 2424 2450 2477; x_wconf 91' lang='lat' dir='ltr'><strong>Mathe-</strong></span> 
     </span>
     <span class='ocr_line' id='line_1_31' title="bbox 248 2495 2452 2561; baseline 0 -14"><span class='ocrx_word' id='word_1_276' title='bbox 248 2502 476 2548; x_wconf 91' lang='lat' dir='ltr'><strong>matum</strong></span> <span class='ocrx_word' id='word_1_277' title='bbox 503 2495 711 2560; x_wconf 87' lang='lat' dir='ltr'><strong>caussa)</strong></span> <span class='ocrx_word' id='word_1_278' title='bbox 743 2512 926 2561; x_wconf 93' lang='lat' dir='ltr'><strong>quam</strong></span> <span class='ocrx_word' id='word_1_279' title='bbox 950 2496 1052 2548; x_wconf 94' lang='lat' dir='ltr'><strong>sub</strong></span> <span class='ocrx_word' id='word_1_280' title='bbox 1074 2496 1457 2550; x_wconf 92' lang='lat' dir='ltr'>SCULTETI</span> <span class='ocrx_word' id='word_1_281' title='bbox 1480 2499 1723 2549; x_wconf 93' lang='lat' dir='ltr'><strong>nomine</strong></span> <span class='ocrx_word' id='word_1_282' title='bbox 1749 2496 2147 2561; x_wconf 83' lang='lat' dir='ltr'><strong>reprehendiS,</strong></span> <span class='ocrx_word' id='word_1_283' title='bbox 2179 2499 2452 2561; x_wconf 92' lang='lat' dir='ltr'><strong>quamvis</strong></span> 
     </span>
     <span class='ocr_line' id='line_1_32' title="bbox 250 2568 2452 2633; baseline 0 -14"><span class='ocrx_word' id='word_1_284' title='bbox 250 2570 304 2619; x_wconf 91' lang='lat' dir='ltr'><strong>ei</strong></span> <span class='ocrx_word' id='word_1_285' title='bbox 330 2568 727 2619; x_wconf 90' lang='lat' dir='ltr'><strong>concedantur</strong></span> <span class='ocrx_word' id='word_1_286' title='bbox 753 2568 1205 2630; x_wconf 86' lang='lat' dir='ltr'><strong>observationeS,</strong></span> <span class='ocrx_word' id='word_1_287' title='bbox 1235 2568 1425 2620; x_wconf 94' lang='lat' dir='ltr'><strong>nihilo</strong></span> <span class='ocrx_word' id='word_1_288' title='bbox 1453 2571 1640 2633; x_wconf 90' lang='lat' dir='ltr'><strong>magis</strong></span> <span class='ocrx_word' id='word_1_289' title='bbox 1669 2583 1796 2619; x_wconf 93' lang='lat' dir='ltr'><strong>rem</strong></span> <span class='ocrx_word' id='word_1_290' title='bbox 1823 2569 2106 2633; x_wconf 87' lang='lat' dir='ltr'><strong>expediet.</strong></span> <span class='ocrx_word' id='word_1_291' title='bbox 2137 2568 2452 2633; x_wconf 89' lang='lat' dir='ltr'><strong>Repetatur</strong></span> 
     </span>
     <span class='ocr_line' id='line_1_33' title="bbox 248 2638 2451 2704; baseline 0 -14"><span class='ocrx_word' id='word_1_292' title='bbox 248 2639 379 2691; x_wconf 91' lang='lat' dir='ltr'><strong>libri</strong></span> <span class='ocrx_word' id='word_1_293' title='bbox 402 2641 488 2690; x_wconf 92' lang='lat' dir='ltr'><strong>tui</strong></span> <span class='ocrx_word' id='word_1_294' title='bbox 514 2638 701 2704; x_wconf 90' lang='lat' dir='ltr'><strong>figura</strong></span> <span class='ocrx_word' id='word_1_295' title='bbox 725 2655 853 2704; x_wconf 89' lang='lat' dir='ltr'><strong>pag.</strong></span> <span class='ocrx_word' id='word_1_296' title='bbox 876 2639 961 2691; x_wconf 87' lang='lat'><strong>38.</strong></span> <span class='ocrx_word' id='word_1_297' title='bbox 983 2639 1193 2692; x_wconf 91' lang='lat' dir='ltr'><strong>Statuit</strong></span> <span class='ocrx_word' id='word_1_298' title='bbox 1218 2642 1282 2691; x_wconf 92' lang='lat' dir='ltr'><strong>in</strong></span> <span class='ocrx_word' id='word_1_299' title='bbox 1307 2639 1411 2692; x_wconf 88' lang='lat' dir='ltr'><strong>illa</strong></span> <span class='ocrx_word' id='word_1_300' title='bbox 1429 2639 1797 2692; x_wconf 91' lang='lat' dir='ltr'><strong>verticalium</strong></span> <span class='ocrx_word' id='word_1_301' title='bbox 1816 2642 2027 2704; x_wconf 90' lang='lat' dir='ltr'><strong>prioris</strong></span> <span class='ocrx_word' id='word_1_302' title='bbox 2048 2646 2103 2692; x_wconf 93' lang='lat' dir='ltr'><strong>et</strong></span> <span class='ocrx_word' id='word_1_303' title='bbox 2122 2639 2451 2704; x_wconf 81' lang='lat' dir='ltr'><strong>posterioris</strong></span> 
     </span>
     <span class='ocr_line' id='line_1_34' title="bbox 250 2708 2450 2772; baseline 0.001 -11"><span class='ocrx_word' id='word_1_304' title='bbox 250 2710 668 2762; x_wconf 89' lang='lat' dir='ltr'><strong>observationis</strong></span> <span class='ocrx_word' id='word_1_305' title='bbox 693 2708 943 2763; x_wconf 69' lang='lat' dir='ltr'><strong>sectione</strong></span> <span class='ocrx_word' id='word_1_306' title='bbox 973 2711 1037 2762; x_wconf 90' lang='lat' dir='ltr'><strong>B.</strong></span> <span class='ocrx_word' id='word_1_307' title='bbox 1064 2726 1273 2763; x_wconf 92' lang='lat' dir='ltr'><strong>verum</strong></span> <span class='ocrx_word' id='word_1_308' title='bbox 1300 2711 1569 2763; x_wconf 88' lang='lat' dir='ltr'><strong>Cometae</strong></span> <span class='ocrx_word' id='word_1_309' title='bbox 1598 2711 1797 2762; x_wconf 94' lang='lat' dir='ltr'><strong>locum</strong></span> <span class='ocrx_word' id='word_1_310' title='bbox 1826 2710 1999 2772; x_wconf 90' lang='lat' dir='ltr'><strong>fuisse,</strong></span> <span class='ocrx_word' id='word_1_311' title='bbox 2030 2717 2085 2763; x_wconf 88' lang='lat' dir='ltr'><strong>et</strong></span> <span class='ocrx_word' id='word_1_312' title='bbox 2113 2710 2450 2763; x_wconf 88' lang='lat' dir='ltr'><strong>Parallaxes</strong></span> 
     </span>
     <span class='ocr_line' id='line_1_35' title="bbox 249 2780 2452 2847; baseline 0 -14"><span class='ocrx_word' id='word_1_313' title='bbox 249 2784 482 2845; x_wconf 92' lang='lat' dir='ltr'><strong>utrique</strong></span> <span class='ocrx_word' id='word_1_314' title='bbox 496 2785 746 2846; x_wconf 92' lang='lat' dir='ltr'><strong>tempori</strong></span> <span class='ocrx_word' id='word_1_315' title='bbox 760 2782 1174 2847; x_wconf 91' lang='lat' dir='ltr'><strong>respondentes</strong></span> <span class='ocrx_word' id='word_1_316' title='bbox 1189 2781 1325 2834; x_wconf 88' lang='lat' dir='ltr'><strong>facit</strong></span> <span class='ocrx_word' id='word_1_317' title='bbox 1337 2782 1435 2843; x_wconf 89' lang='lat' dir='ltr'><strong>ba,</strong></span> <span class='ocrx_word' id='word_1_318' title='bbox 1450 2782 1556 2834; x_wconf 93' lang='lat' dir='ltr'><strong>bk:</strong></span> <span class='ocrx_word' id='word_1_319' title='bbox 1579 2788 1637 2834; x_wconf 90' lang='lat' dir='ltr'><strong>at</strong></span> <span class='ocrx_word' id='word_1_320' title='bbox 1651 2785 1714 2834; x_wconf 93' lang='lat' dir='ltr'><strong>in</strong></span> <span class='ocrx_word' id='word_1_321' title='bbox 1727 2782 1830 2834; x_wconf 95' lang='lat' dir='ltr'><strong>illo</strong></span> <span class='ocrx_word' id='word_1_322' title='bbox 1843 2782 1879 2834; x_wconf 95' lang='lat' dir='ltr'><strong>b</strong></span> <span class='ocrx_word' id='word_1_323' title='bbox 1894 2780 2127 2846; x_wconf 64' lang='lat' dir='ltr'><strong>puncto,</strong></span> <span class='ocrx_word' id='word_1_324' title='bbox 2143 2782 2184 2833; x_wconf 90' lang='lat' dir='ltr'>fi</span> <span class='ocrx_word' id='word_1_325' title='bbox 2199 2781 2452 2834; x_wconf 91' lang='lat' dir='ltr'><strong>Cometa</strong></span> 
     </span>
     <span class='ocr_line' id='line_1_36' title="bbox 249 2853 2450 2917; baseline 0 -13"><span class='ocrx_word' id='word_1_326' title='bbox 249 2855 555 2917; x_wconf 88' lang='lat' dir='ltr'><strong>proprium</strong></span> <span class='ocrx_word' id='word_1_327' title='bbox 573 2853 779 2905; x_wconf 90' lang='lat' dir='ltr'><strong>habuit</strong></span> <span class='ocrx_word' id='word_1_328' title='bbox 799 2860 1044 2914; x_wconf 93' lang='lat' dir='ltr'><strong>motum,</strong></span> <span class='ocrx_word' id='word_1_329' title='bbox 1072 2869 1209 2905; x_wconf 91' lang='lat' dir='ltr'><strong>vere</strong></span> <span class='ocrx_word' id='word_1_330' title='bbox 1233 2869 1357 2906; x_wconf 93' lang='lat' dir='ltr'><strong>non</strong></span> <span class='ocrx_word' id='word_1_331' title='bbox 1382 2853 1507 2915; x_wconf 89' lang='lat' dir='ltr'><strong>fuit,</strong></span> <span class='ocrx_word' id='word_1_332' title='bbox 1534 2859 1598 2905; x_wconf 94' lang='lat' dir='ltr'><strong>ut</strong></span> <span class='ocrx_word' id='word_1_333' title='bbox 1618 2853 1691 2905; x_wconf 91' lang='lat' dir='ltr'><strong>ab</strong></span> <span class='ocrx_word' id='word_1_334' title='bbox 1714 2869 1785 2905; x_wconf 91' lang='lat' dir='ltr'><strong>eo</strong></span> <span class='ocrx_word' id='word_1_335' title='bbox 1805 2853 2128 2905; x_wconf 90' lang='lat' dir='ltr'><strong>Parallaxis</strong></span> <span class='ocrx_word' id='word_1_336' title='bbox 2148 2855 2450 2905; x_wconf 88' lang='lat' dir='ltr'><strong>numerari</strong></span> 
     </span>
     <span class='ocr_line' id='line_1_37' title="bbox 250 2923 2450 2987; baseline 0 -12"><span class='ocrx_word' id='word_1_337' title='bbox 250 2939 374 2975; x_wconf 92' lang='lat' dir='ltr'><strong>non</strong></span> <span class='ocrx_word' id='word_1_338' title='bbox 400 2923 623 2985; x_wconf 91' lang='lat' dir='ltr'><strong>debeat,</strong></span> <span class='ocrx_word' id='word_1_339' title='bbox 652 2940 719 2976; x_wconf 92' lang='lat' dir='ltr'><strong>ac</strong></span> <span class='ocrx_word' id='word_1_340' title='bbox 746 2925 881 2977; x_wconf 93' lang='lat' dir='ltr'><strong>ideo</strong></span> <span class='ocrx_word' id='word_1_341' title='bbox 903 2924 1315 2977; x_wconf 90' lang='lat' dir='ltr'><strong>demonstratio</strong></span> <span class='ocrx_word' id='word_1_342' title='bbox 1333 2925 1465 2987; x_wconf 85' lang='lat' dir='ltr'><strong>haec</strong></span> <span class='ocrx_word' id='word_1_343' title='bbox 1486 2925 1772 2977; x_wconf 91' lang='lat' dir='ltr'><strong>duntaxat</strong></span> <span class='ocrx_word' id='word_1_344' title='bbox 1791 2924 2024 2976; x_wconf 91' lang='lat' dir='ltr'><strong>inservit</strong></span> <span class='ocrx_word' id='word_1_345' title='bbox 2042 2923 2450 2976; x_wconf 86' lang='lat' dir='ltr'><strong>Phaenomeno</strong></span> 
     </span>
     <span class='ocr_line' id='line_1_38' title="bbox 250 2994 2450 3060; baseline 0.001 -15"><span class='ocrx_word' id='word_1_346' title='bbox 250 2994 554 3047; x_wconf 91' lang='lat' dir='ltr'><strong>immobili.</strong></span> <span class='ocrx_word' id='word_1_347' title='bbox 569 2996 725 3047; x_wconf 92' lang='lat' dir='ltr'><strong>Cum</strong></span> <span class='ocrx_word' id='word_1_348' title='bbox 740 2998 937 3060; x_wconf 92' lang='lat' dir='ltr'><strong>itaque</strong></span> <span class='ocrx_word' id='word_1_349' title='bbox 953 2996 1411 3048; x_wconf 86' lang='lat' dir='ltr'><strong>dimensionibus</strong></span> <span class='ocrx_word' id='word_1_350' title='bbox 1423 2995 1863 3048; x_wconf 89' lang='lat' dir='ltr'><strong>Mathematicis</strong></span> <span class='ocrx_word' id='word_1_351' title='bbox 1877 2996 1952 3047; x_wconf 92' lang='lat' dir='ltr'><strong>ad</strong></span> <span class='ocrx_word' id='word_1_352' title='bbox 1966 2995 2164 3047; x_wconf 93' lang='lat' dir='ltr'><strong>locum</strong></span> <span class='ocrx_word' id='word_1_353' title='bbox 2177 2995 2450 3048; x_wconf 92' lang='lat' dir='ltr'><strong>Cometa-</strong></span> 
     </span>
     <span class='ocr_line' id='line_1_39' title="bbox 251 3065 2449 3132; baseline 0.001 -16"><span class='ocrx_word' id='word_1_354' title='bbox 251 3081 384 3116; x_wconf 94' lang='lat' dir='ltr'><strong>rum</strong></span> <span class='ocrx_word' id='word_1_355' title='bbox 399 3066 667 3117; x_wconf 91' lang='lat' dir='ltr'><strong>nondum</strong></span> <span class='ocrx_word' id='word_1_356' title='bbox 680 3066 743 3118; x_wconf 85' lang='lat' dir='ltr'><strong>fit</strong></span> <span class='ocrx_word' id='word_1_357' title='bbox 758 3067 1091 3128; x_wconf 90' lang='lat' dir='ltr'><strong>deventum,</strong></span> <span class='ocrx_word' id='word_1_358' title='bbox 1109 3067 1250 3131; x_wconf 92' lang='lat' dir='ltr'><strong>quid</strong></span> <span class='ocrx_word' id='word_1_359' title='bbox 1264 3071 1327 3119; x_wconf 95' lang='lat' dir='ltr'><strong>in</strong></span> <span class='ocrx_word' id='word_1_360' title='bbox 1340 3067 1453 3119; x_wconf 92' lang='lat' dir='ltr'><strong>hac</strong></span> <span class='ocrx_word' id='word_1_361' title='bbox 1468 3067 1786 3132; x_wconf 84' lang='lat' dir='ltr'><strong>quaestione</strong></span> <span class='ocrx_word' id='word_1_362' title='bbox 1800 3065 2151 3131; x_wconf 78' lang='lat' dir='ltr'><strong>statuemus?</strong></span> <span class='ocrx_word' id='word_1_363' title='bbox 2166 3066 2288 3132; x_wconf 93' lang='lat' dir='ltr'><strong>Ipse</strong></span> <span class='ocrx_word' id='word_1_364' title='bbox 2302 3082 2449 3119; x_wconf 92' lang='lat' dir='ltr'><strong>non-</strong></span> 
     </span>
     <span class='ocr_line' id='line_1_40' title="bbox 252 3132 2450 3203; baseline 0.001 -16"><span class='ocrx_word' id='word_1_365' title='bbox 252 3136 395 3188; x_wconf 92' lang='lat' dir='ltr'><strong>dum</strong></span> <span class='ocrx_word' id='word_1_366' title='bbox 414 3152 451 3188; x_wconf 93' lang='lat' dir='ltr'><strong>a</strong></span> <span class='ocrx_word' id='word_1_367' title='bbox 470 3144 828 3202; x_wconf 88' lang='lat' dir='ltr'><strong>praeceptore</strong></span> <span class='ocrx_word' id='word_1_368' title='bbox 849 3138 1336 3191; x_wconf 89' lang='lat' dir='ltr'><strong>ARISTOTELE</strong></span> <span class='ocrx_word' id='word_1_369' title='bbox 1357 3138 1602 3199; x_wconf 91' lang='lat' dir='ltr'><strong>disced0,</strong></span> <span class='ocrx_word' id='word_1_370' title='bbox 1630 3141 1732 3203; x_wconf 94' lang='lat' dir='ltr'><strong>qui</strong></span> <span class='ocrx_word' id='word_1_371' title='bbox 1754 3132 2063 3190; x_wconf 75' lang='lat' dir='ltr'><strong>mutabilia</strong></span> <span class='ocrx_word' id='word_1_372' title='bbox 2082 3138 2156 3190; x_wconf 90' lang='lat' dir='ltr'><strong>ab</strong></span> <span class='ocrx_word' id='word_1_373' title='bbox 2176 3140 2450 3190; x_wconf 91' lang='lat' dir='ltr'><strong>immuta-</strong></span> 
     </span>
     <span class='ocr_line' id='line_1_41' title="bbox 251 3207 2450 3274; baseline 0.001 -16"><span class='ocrx_word' id='word_1_374' title='bbox 251 3207 480 3268; x_wconf 88' lang='lat' dir='ltr'><strong>bilibus,</strong></span> <span class='ocrx_word' id='word_1_375' title='bbox 492 3213 557 3259; x_wconf 95' lang='lat' dir='ltr'><strong>ut</strong></span> <span class='ocrx_word' id='word_1_376' title='bbox 566 3212 808 3270; x_wconf 85' lang='lat' dir='ltr'><strong>naturiS,</strong></span> <span class='ocrx_word' id='word_1_377' title='bbox 824 3209 896 3260; x_wconf 91' lang='lat' dir='ltr'><strong>fic</strong></span> <span class='ocrx_word' id='word_1_378' title='bbox 910 3209 1053 3261; x_wconf 91' lang='lat' dir='ltr'><strong>locis</strong></span> <span class='ocrx_word' id='word_1_379' title='bbox 1069 3209 1390 3262; x_wconf 92' lang='lat' dir='ltr'><strong>discernere</strong></span> <span class='ocrx_word' id='word_1_380' title='bbox 1405 3210 1617 3271; x_wconf 91' lang='lat' dir='ltr'><strong>docuit,</strong></span> <span class='ocrx_word' id='word_1_381' title='bbox 1630 3210 1850 3274; x_wconf 90' lang='lat' dir='ltr'><strong>illaque</strong></span> <span class='ocrx_word' id='word_1_382' title='bbox 1863 3209 2019 3261; x_wconf 94' lang='lat' dir='ltr'><strong>orbis</strong></span> <span class='ocrx_word' id='word_1_383' title='bbox 2031 3209 2282 3261; x_wconf 92' lang='lat' dir='ltr'><strong>Lunaris</strong></span> <span class='ocrx_word' id='word_1_384' title='bbox 2294 3224 2450 3261; x_wconf 90' lang='lat' dir='ltr'><strong>com-</strong></span> 
     </span>
     <span class='ocr_line' id='line_1_42' title="bbox 253 3278 2448 3346; baseline 0.001 -17"><span class='ocrx_word' id='word_1_385' title='bbox 253 3278 433 3341; x_wconf 91' lang='lat' dir='ltr'><strong>plexu</strong></span> <span class='ocrx_word' id='word_1_386' title='bbox 460 3279 881 3342; x_wconf 88' lang='lat' dir='ltr'><strong>comprehensa</strong></span> <span class='ocrx_word' id='word_1_387' title='bbox 906 3280 1072 3332; x_wconf 90' lang='lat' dir='ltr'><strong>nulla</strong></span> <span class='ocrx_word' id='word_1_388' title='bbox 1097 3288 1327 3333; x_wconf 87' lang='lat' dir='ltr'><strong>naturae</strong></span> <span class='ocrx_word' id='word_1_389' title='bbox 1347 3283 1407 3332; x_wconf 94' lang='lat' dir='ltr'><strong>vi</strong></span> <span class='ocrx_word' id='word_1_390' title='bbox 1428 3281 1601 3346; x_wconf 87' lang='lat' dir='ltr'><strong>supra</strong></span> <span class='ocrx_word' id='word_1_391' title='bbox 1625 3282 1776 3345; x_wconf 87' lang='lat' dir='ltr'><strong>posse</strong></span> <span class='ocrx_word' id='word_1_392' title='bbox 1803 3280 1995 3333; x_wconf 85' lang='lat' dir='ltr'><strong>efferri</strong></span> <span class='ocrx_word' id='word_1_393' title='bbox 2022 3280 2448 3332; x_wconf 89' lang='lat' dir='ltr'><strong>demonstravit.</strong></span> 
     </span>
     <span class='ocr_line' id='line_1_43' title="bbox 252 3349 2455 3416; baseline 0.001 -16"><span class='ocrx_word' id='word_1_394' title='bbox 252 3349 312 3401; x_wconf 93' lang='lat' dir='ltr'><strong>Si</strong></span> <span class='ocrx_word' id='word_1_395' title='bbox 327 3349 782 3402; x_wconf 89' lang='lat' dir='ltr'><strong>Mathematicas</strong></span> <span class='ocrx_word' id='word_1_396' title='bbox 796 3354 1044 3415; x_wconf 91' lang='lat' dir='ltr'><strong>requiris</strong></span> <span class='ocrx_word' id='word_1_397' title='bbox 1060 3352 1597 3412; x_wconf 83' lang='lat' dir='ltr'><strong>demonstrationeS‚</strong></span> <span class='ocrx_word' id='word_1_398' title='bbox 1617 3367 1753 3404; x_wconf 92' lang='lat' dir='ltr'><strong>cum</strong></span> <span class='ocrx_word' id='word_1_399' title='bbox 1770 3351 1905 3404; x_wconf 87' lang='lat' dir='ltr'><strong>aliae</strong></span> <span class='ocrx_word' id='word_1_400' title='bbox 1922 3367 2029 3416; x_wconf 94' lang='lat' dir='ltr'><strong>pro</strong></span> <span class='ocrx_word' id='word_1_401' title='bbox 2046 3358 2310 3415; x_wconf 91' lang='lat' dir='ltr'><strong>tempore</strong></span> <span class='ocrx_word' id='word_1_402' title='bbox 2327 3366 2455 3403; x_wconf 90' lang='lat' dir='ltr'><strong>non</strong></span> 
     </span>
    </p>

    <p class='ocr_par' dir='ltr' id='par_1_4' title="bbox 2127 3422 2448 3487">
     <span class='ocr_line' id='line_1_44' title="bbox 2127 3422 2448 3487; baseline -0.003 -13"><span class='ocrx_word' id='word_1_403' title='bbox 2127 3422 2448 3487; x_wconf 90' lang='lat' dir='ltr'><strong>suppetant,</strong></span> 
     </span>
    </p>
   </div>
   <div class='ocr_carea' id='block_1_3' title="bbox 2501 1085 2543 1121">
    <p class='ocr_par' dir='ltr' id='par_1_5' title="bbox 2501 1085 2543 1121">
     <span class='ocr_line' id='line_1_45' title="bbox 2501 1085 2543 1121; baseline 0 0"><span class='ocrx_word' id='word_1_404' title='bbox 2501 1085 2543 1121; x_wconf 88' lang='lat' dir='ltr'><strong>lo</strong></span> 
     </span>
    </p>
   </div>
   <div class='ocr_carea' id='block_1_4' title="bbox 2503 1442 2544 1477">
    <p class='ocr_par' dir='ltr' id='par_1_6' title="bbox 2503 1442 2544 1477">
     <span class='ocr_line' id='line_1_46' title="bbox 2503 1442 2544 1477; baseline 0.024 -1"><span class='ocrx_word' id='word_1_405' title='bbox 2503 1442 2544 1477; x_wconf 84' lang='lat'><strong>15</strong></span> 
     </span>
    </p>
   </div>
   <div class='ocr_carea' id='block_1_5' title="bbox 2499 1798 2545 1833">
    <p class='ocr_par' dir='ltr' id='par_1_7' title="bbox 2499 1798 2545 1833">
     <span class='ocr_line' id='line_1_47' title="bbox 2499 1798 2545 1833; baseline 0 0"><span class='ocrx_word' id='word_1_406' title='bbox 2499 1798 2545 1833; x_wconf 87' lang='grc'><strong>20</strong></span> 
     </span>
    </p>
   </div>
   <div class='ocr_carea' id='block_1_6' title="bbox 2492 2005 2545 2047">
    <p class='ocr_par' dir='ltr' id='par_1_8' title="bbox 2492 2005 2545 2047">
     <span class='ocr_line' id='line_1_48' title="bbox 2492 2005 2545 2047; baseline 0 -15"><span class='ocrx_word' id='word_1_407' title='bbox 2492 2005 2545 2047; x_wconf 72' lang='grc'><strong>51·</strong></span> 
     </span>
    </p>
   </div>
   <div class='ocr_carea' id='block_1_7' title="bbox 2499 2155 2545 2190">
    <p class='ocr_par' dir='ltr' id='par_1_9' title="bbox 2499 2155 2545 2190">
     <span class='ocr_line' id='line_1_49' title="bbox 2499 2155 2545 2190; baseline 0 0"><span class='ocrx_word' id='word_1_408' title='bbox 2499 2155 2545 2190; x_wconf 86' lang='grc'><strong>25</strong></span> 
     </span>
    </p>
   </div>
   <div class='ocr_carea' id='block_1_8' title="bbox 2499 2868 2546 2903">
    <p class='ocr_par' dir='ltr' id='par_1_10' title="bbox 2499 2868 2546 2903">
     <span class='ocr_line' id='line_1_50' title="bbox 2499 2868 2546 2903; baseline 0 0"><span class='ocrx_word' id='word_1_409' title='bbox 2499 2868 2546 2903; x_wconf 83' lang='grc'><strong>35</strong></span> 
     </span>
    </p>
   </div>
   <div class='ocr_carea' id='block_1_9' title="bbox 2498 3222 2545 3258">
    <p class='ocr_par' dir='ltr' id='par_1_11' title="bbox 2498 3222 2545 3258">
     <span class='ocr_line' id='line_1_51' title="bbox 2498 3222 2545 3258; baseline 0 0"><span class='ocrx_word' id='word_1_410' title='bbox 2498 3222 2545 3258; x_wconf 78' lang='grc'><strong>40</strong></span> 
     </span>
    </p>
   </div>
  </div>
 </body>
</html>
