<?xml version="1.0" encoding="UTF-8"?>
<!DOCTYPE html PUBLIC "-//W3C//DTD XHTML 1.0 Transitional//EN"
    "http://www.w3.org/TR/xhtml1/DTD/xhtml1-transitional.dtd">
<html xmlns="http://www.w3.org/1999/xhtml" xml:lang="en" lang="en">
 <head>
  <title>
</title>
<meta http-equiv="Content-Type" content="text/html;charset=utf-8" />
  <meta name='ocr-system' content='tesseract 3.04.00' />
  <meta name='ocr-capabilities' content='ocr_page ocr_carea ocr_par ocr_line ocrx_word'/>
</head>
<body>
  <div class='ocr_page' id='page_1' title='image "./operaomniaedidit07brahuoft_0120.png"; bbox 0 0 2664 4030; ppageno 0'>
   <div class='ocr_carea' id='block_1_1' title="bbox 266 304 1929 362">
    <p class='ocr_par' dir='ltr' id='par_1_1' title="bbox 266 304 1929 362">
     <span class='ocr_line' id='line_1_1' title="bbox 266 304 1929 362; baseline -0.003 0"><span class='ocrx_word' id='word_1_1' title='bbox 266 311 358 362; x_wconf 84' lang='lat'><strong>106</strong></span> <span class='ocrx_word' id='word_1_2' title='bbox 796 306 1235 360; x_wconf 90' lang='lat' dir='ltr'>EPISTOLAE</span> <span class='ocrx_word' id='word_1_3' title='bbox 1260 304 1929 358; x_wconf 87' lang='lat' dir='ltr'><strong>ASTRONOMICAE</strong></span> 
     </span>
    </p>
   </div>
   <div class='ocr_carea' id='block_1_2' title="bbox 260 444 2579 3484">
    <p class='ocr_par' dir='ltr' id='par_1_2' title="bbox 260 444 2579 3484">
     <span class='ocr_line' id='line_1_2' title="bbox 265 444 2459 512; baseline -0.002 -10"><span class='ocrx_word' id='word_1_4' title='bbox 265 454 327 502; x_wconf 91' lang='lat' dir='ltr'><strong>in</strong></span> <span class='ocrx_word' id='word_1_5' title='bbox 352 452 547 502; x_wconf 90' lang='lat' dir='ltr'><strong>vicina</strong></span> <span class='ocrx_word' id='word_1_6' title='bbox 573 448 823 500; x_wconf 86' lang='lat' dir='ltr'><strong>Hafsnia</strong></span> <span class='ocrx_word' id='word_1_7' title='bbox 849 448 1296 508; x_wconf 86' lang='lat' dir='ltr'><strong>celebrarentur,</strong></span> <span class='ocrx_word' id='word_1_8' title='bbox 1326 446 1484 498; x_wconf 92' lang='lat' dir='ltr'><strong>unde</strong></span> <span class='ocrx_word' id='word_1_9' title='bbox 1509 444 1728 498; x_wconf 72' lang='lat' dir='ltr'><strong>factum</strong></span> <span class='ocrx_word' id='word_1_10' title='bbox 1755 445 1845 507; x_wconf 89' lang='lat' dir='ltr'><strong>est,</strong></span> <span class='ocrx_word' id='word_1_11' title='bbox 1875 452 1940 498; x_wconf 95' lang='lat' dir='ltr'><strong>ut</strong></span> <span class='ocrx_word' id='word_1_12' title='bbox 1966 448 2118 498; x_wconf 90' lang='lat' dir='ltr'><strong>circa</strong></span> <span class='ocrx_word' id='word_1_13' title='bbox 2145 446 2204 498; x_wconf 93' lang='lat' dir='ltr'><strong>id</strong></span> <span class='ocrx_word' id='word_1_14' title='bbox 2229 453 2459 512; x_wconf 91' lang='lat' dir='ltr'><strong>tempus</strong></span> 
     </span>
     <span class='ocr_line' id='line_1_3' title="bbox 265 517 2458 584; baseline -0.001 -12"><span class='ocrx_word' id='word_1_15' title='bbox 265 521 358 573; x_wconf 92' lang='lat' dir='ltr'><strong>vel</strong></span> <span class='ocrx_word' id='word_1_16' title='bbox 377 520 525 571; x_wconf 92' lang='lat' dir='ltr'><strong>mihi</strong></span> <span class='ocrx_word' id='word_1_17' title='bbox 546 535 616 571; x_wconf 90' lang='lat' dir='ltr'><strong>eo</strong></span> <span class='ocrx_word' id='word_1_18' title='bbox 638 520 714 571; x_wconf 93' lang='lat' dir='ltr'><strong>ad</strong></span> <span class='ocrx_word' id='word_1_19' title='bbox 734 519 1197 584; x_wconf 89' lang='lat' dir='ltr'><strong>consanguineos</strong></span> <span class='ocrx_word' id='word_1_20' title='bbox 1219 525 1274 569; x_wconf 90' lang='lat' dir='ltr'><strong>et</strong></span> <span class='ocrx_word' id='word_1_21' title='bbox 1294 519 1517 569; x_wconf 89' lang='lat' dir='ltr'><strong>amicos</strong></span> <span class='ocrx_word' id='word_1_22' title='bbox 1537 517 1780 577; x_wconf 82' lang='lat' dir='ltr'><strong>nobileS,</strong></span> <span class='ocrx_word' id='word_1_23' title='bbox 1803 520 1904 582; x_wconf 92' lang='lat' dir='ltr'><strong>qui</strong></span> <span class='ocrx_word' id='word_1_24' title='bbox 1920 532 1951 568; x_wconf 93' lang='lat' dir='ltr'><strong>e</strong></span> <span class='ocrx_word' id='word_1_25' title='bbox 1965 523 2087 569; x_wconf 92' lang='lat' dir='ltr'><strong>toto</strong></span> <span class='ocrx_word' id='word_1_26' title='bbox 2103 517 2302 582; x_wconf 89' lang='lat' dir='ltr'><strong>Regno</strong></span> <span class='ocrx_word' id='word_1_27' title='bbox 2323 533 2458 570; x_wconf 92' lang='lat' dir='ltr'><strong>con—</strong></span> 
     </span>
     <span class='ocr_line' id='line_1_4' title="bbox 264 588 2458 650; baseline -0.001 -8"><span class='ocrx_word' id='word_1_28' title='bbox 264 592 455 643; x_wconf 87' lang='lat' dir='ltr'><strong>fertim</strong></span> <span class='ocrx_word' id='word_1_29' title='bbox 481 590 619 642; x_wconf 90' lang='lat' dir='ltr'><strong>illuc</strong></span> <span class='ocrx_word' id='word_1_30' title='bbox 646 589 1068 650; x_wconf 87' lang='lat' dir='ltr'><strong>confluxerant,</strong></span> <span class='ocrx_word' id='word_1_31' title='bbox 1097 588 1529 640; x_wconf 86' lang='lat' dir='ltr'><strong>excurrendum</strong></span> <span class='ocrx_word' id='word_1_32' title='bbox 1555 588 1744 648; x_wconf 88' lang='lat' dir='ltr'><strong>fuerit,</strong></span> <span class='ocrx_word' id='word_1_33' title='bbox 1771 588 1866 640; x_wconf 90' lang='lat' dir='ltr'><strong>vel</strong></span> <span class='ocrx_word' id='word_1_34' title='bbox 1889 591 2066 640; x_wconf 89' lang='lat' dir='ltr'><strong>etiam</strong></span> <span class='ocrx_word' id='word_1_35' title='bbox 2087 604 2160 640; x_wconf 86' lang='lat' dir='ltr'><strong>ex</strong></span> <span class='ocrx_word' id='word_1_36' title='bbox 2179 588 2292 640; x_wconf 95' lang='lat' dir='ltr'><strong>illis</strong></span> <span class='ocrx_word' id='word_1_37' title='bbox 2312 604 2458 641; x_wconf 90' lang='lat' dir='ltr'><strong>non-</strong></span> 
     </span>
     <span class='ocr_line' id='line_1_5' title="bbox 265 658 2460 724; baseline -0.001 -11"><span class='ocrx_word' id='word_1_38' title='bbox 265 662 411 713; x_wconf 90' lang='lat' dir='ltr'>nulli</span> <span class='ocrx_word' id='word_1_39' title='bbox 431 677 527 712; x_wconf 92' lang='lat' dir='ltr'><strong>me</strong></span> <span class='ocrx_word' id='word_1_40' title='bbox 547 661 660 722; x_wconf 87' lang='lat' dir='ltr'><strong>hic,</strong></span> <span class='ocrx_word' id='word_1_41' title='bbox 681 660 860 712; x_wconf 88' lang='lat' dir='ltr'><strong>finitis</strong></span> <span class='ocrx_word' id='word_1_42' title='bbox 880 660 1081 724; x_wconf 88' lang='lat' dir='ltr'><strong>ijsdem</strong></span> <span class='ocrx_word' id='word_1_43' title='bbox 1097 659 1334 724; x_wconf 87' lang='lat' dir='ltr'><strong>Comitij</strong></span> <span class='ocrx_word' id='word_1_44' title='bbox 1341 674 1384 719; x_wconf 83' lang='lat' dir='ltr'><strong>S,</strong></span> <span class='ocrx_word' id='word_1_45' title='bbox 1405 658 1720 710; x_wconf 90' lang='lat' dir='ltr'><strong>inviserint.</strong></span> <span class='ocrx_word' id='word_1_46' title='bbox 1743 659 2018 724; x_wconf 91' lang='lat' dir='ltr'><strong>Cumque</strong></span> <span class='ocrx_word' id='word_1_47' title='bbox 2037 662 2281 711; x_wconf 92' lang='lat' dir='ltr'><strong>nuntius</strong></span> <span class='ocrx_word' id='word_1_48' title='bbox 2301 675 2460 711; x_wconf 92' lang='lat' dir='ltr'><strong>nunc</strong></span> 
     </span>
     <span class='ocr_line' id='line_1_6' title="bbox 264 730 2530 796; baseline -0.001 -12"><span class='ocrx_word' id='word_1_49' title='bbox 264 733 515 785; x_wconf 91' lang='lat' dir='ltr'><strong>reditum</strong></span> <span class='ocrx_word' id='word_1_50' title='bbox 535 732 610 783; x_wconf 93' lang='lat' dir='ltr'><strong>ad</strong></span> <span class='ocrx_word' id='word_1_51' title='bbox 629 738 684 783; x_wconf 92' lang='lat' dir='ltr'><strong>te</strong></span> <span class='ocrx_word' id='word_1_52' title='bbox 705 738 908 796; x_wconf 90' lang='lat' dir='ltr'><strong>urgeat</strong></span> <span class='ocrx_word' id='word_1_53' title='bbox 926 746 1034 782; x_wconf 90' lang='lat' dir='ltr'><strong>nec</strong></span> <span class='ocrx_word' id='word_1_54' title='bbox 1055 730 1299 782; x_wconf 91' lang='lat' dir='ltr'><strong>ulterius</strong></span> <span class='ocrx_word' id='word_1_55' title='bbox 1317 745 1354 781; x_wconf 93' lang='lat' dir='ltr'><strong>a</strong></span> <span class='ocrx_word' id='word_1_56' title='bbox 1369 745 1466 781; x_wconf 93' lang='lat' dir='ltr'><strong>me</strong></span> <span class='ocrx_word' id='word_1_57' title='bbox 1487 730 1835 782; x_wconf 89' lang='lat' dir='ltr'><strong>detinendus</strong></span> <span class='ocrx_word' id='word_1_58' title='bbox 1854 730 1934 791; x_wconf 88' lang='lat' dir='ltr'><strong>fit,</strong></span> <span class='ocrx_word' id='word_1_59' title='bbox 1956 744 2027 782; x_wconf 95' lang='lat' dir='ltr'><strong>eo</strong></span> <span class='ocrx_word' id='word_1_60' title='bbox 2049 731 2208 795; x_wconf 91' lang='lat' dir='ltr'><strong>quod</strong></span> <span class='ocrx_word' id='word_1_61' title='bbox 2229 731 2303 782; x_wconf 96' lang='lat' dir='ltr'><strong>ob</strong></span> <span class='ocrx_word' id='word_1_62' title='bbox 2324 746 2458 783; x_wconf 89' lang='lat' dir='ltr'><strong>cau·</strong></span> <span class='ocrx_word' id='word_1_63' title='bbox 2509 747 2530 782; x_wconf 88' lang='lat'>5</span> 
     </span>
     <span class='ocr_line' id='line_1_7' title="bbox 263 800 2459 866; baseline -0.001 -11"><span class='ocrx_word' id='word_1_64' title='bbox 263 804 351 855; x_wconf 92' lang='lat' dir='ltr'><strong>sas</strong></span> <span class='ocrx_word' id='word_1_65' title='bbox 366 800 700 863; x_wconf 54' lang='lat' dir='ltr'><strong>antedicta&amp;</strong></span> <span class='ocrx_word' id='word_1_66' title='bbox 720 809 848 854; x_wconf 93' lang='lat' dir='ltr'><strong>tum</strong></span> <span class='ocrx_word' id='word_1_67' title='bbox 862 804 1039 853; x_wconf 91' lang='lat' dir='ltr'><strong>etiam</strong></span> <span class='ocrx_word' id='word_1_68' title='bbox 1054 800 1129 852; x_wconf 94' lang='lat' dir='ltr'><strong>ob</strong></span> <span class='ocrx_word' id='word_1_69' title='bbox 1144 801 1399 854; x_wconf 86' lang='lat' dir='ltr'><strong>Sereniss.</strong></span> <span class='ocrx_word' id='word_1_70' title='bbox 1416 801 1653 866; x_wconf 86' lang='lat' dir='ltr'><strong>Reginae</strong></span> <span class='ocrx_word' id='word_1_71' title='bbox 1667 800 1893 862; x_wconf 83' lang='lat' dir='ltr'><strong>nostrae,</strong></span> <span class='ocrx_word' id='word_1_72' title='bbox 1914 816 2010 853; x_wconf 91' lang='lat' dir='ltr'><strong>me</strong></span> <span class='ocrx_word' id='word_1_73' title='bbox 2024 803 2087 853; x_wconf 90' lang='lat' dir='ltr'><strong>in</strong></span> <span class='ocrx_word' id='word_1_74' title='bbox 2100 800 2213 854; x_wconf 89' lang='lat' dir='ltr'><strong>hac</strong></span> <span class='ocrx_word' id='word_1_75' title='bbox 2227 802 2459 854; x_wconf 91' lang='lat' dir='ltr'><strong>Urano-</strong></span> 
     </span>
     <span class='ocr_line' id='line_1_8' title="bbox 263 871 2461 939; baseline -0.001 -13"><span class='ocrx_word' id='word_1_76' title='bbox 263 875 430 939; x_wconf 90' lang='lat' dir='ltr'><strong>burgi</strong></span> <span class='ocrx_word' id='word_1_77' title='bbox 462 873 655 925; x_wconf 84' lang='lat' dir='ltr'><strong>Insula</strong></span> <span class='ocrx_word' id='word_1_78' title='bbox 688 873 1005 924; x_wconf 92' lang='lat' dir='ltr'><strong>clementer</strong></span> <span class='ocrx_word' id='word_1_79' title='bbox 1040 871 1356 932; x_wconf 84' lang='lat' dir='ltr'><strong>invisentiS,</strong></span> <span class='ocrx_word' id='word_1_80' title='bbox 1395 872 1675 924; x_wconf 87' lang='lat' dir='ltr'><strong>accessum</strong></span> <span class='ocrx_word' id='word_1_81' title='bbox 1705 872 2213 936; x_wconf 82' lang='lat' dir='ltr'><strong>supervenientem</strong></span> <span class='ocrx_word' id='word_1_82' title='bbox 2249 879 2461 937; x_wconf 87' lang='lat' dir='ltr'><strong>praeter</strong></span> 
     </span>
     <span class='ocr_line' id='line_1_9' title="bbox 265 938 2573 1012; baseline -0 -16"><span class='ocrx_word' id='word_1_83' title='bbox 265 948 607 1010; x_wconf 89' lang='lat' dir='ltr'><strong>opinionem</strong></span> <span class='ocrx_word' id='word_1_84' title='bbox 633 944 851 995; x_wconf 92' lang='lat' dir='ltr'><strong>diutius</strong></span> <span class='ocrx_word' id='word_1_85' title='bbox 877 943 974 995; x_wconf 82' lang='lat' dir='ltr'><strong>hic</strong></span> <span class='ocrx_word' id='word_1_86' title='bbox 999 943 1314 1004; x_wconf 84' lang='lat' dir='ltr'><strong>substiterit,</strong></span> <span class='ocrx_word' id='word_1_87' title='bbox 1340 943 1475 995; x_wconf 92' lang='lat' dir='ltr'><strong>ideo</strong></span> <span class='ocrx_word' id='word_1_88' title='bbox 1495 949 1559 995; x_wconf 92' lang='lat' dir='ltr'><strong>ut</strong></span> <span class='ocrx_word' id='word_1_89' title='bbox 1578 958 1682 1007; x_wconf 91' lang='lat' dir='ltr'><strong>per</strong></span> <span class='ocrx_word' id='word_1_90' title='bbox 1702 946 1889 995; x_wconf 92' lang='lat' dir='ltr'><strong>otium</strong></span> <span class='ocrx_word' id='word_1_91' title='bbox 1909 938 2338 1012; x_wconf 75' lang='lat' dir='ltr'><strong>com-ssmodum</strong></span> <span class='ocrx_word' id='word_1_92' title='bbox 2356 943 2458 996; x_wconf 91' lang='lat' dir='ltr'><strong>lib·</strong></span> <span class='ocrx_word' id='word_1_93' title='bbox 2491 953 2573 995; x_wconf 79' lang='lat'>25¹·</span> 
     </span>
     <span class='ocr_line' id='line_1_10' title="bbox 263 1013 2460 1080; baseline -0 -13"><span class='ocrx_word' id='word_1_94' title='bbox 263 1032 396 1068; x_wconf 89' lang='lat' dir='ltr'><strong>rum</strong></span> <span class='ocrx_word' id='word_1_95' title='bbox 414 1022 584 1067; x_wconf 93' lang='lat' dir='ltr'><strong>tuum</strong></span> <span class='ocrx_word' id='word_1_96' title='bbox 603 1014 917 1079; x_wconf 85' lang='lat' dir='ltr'><strong>perlegam,</strong></span> <span class='ocrx_word' id='word_1_97' title='bbox 938 1029 1173 1066; x_wconf 93' lang='lat' dir='ltr'><strong>mecum</strong></span> <span class='ocrx_word' id='word_1_98' title='bbox 1193 1013 1450 1079; x_wconf 91' lang='lat' dir='ltr'><strong>pauculo</strong></span> <span class='ocrx_word' id='word_1_99' title='bbox 1470 1020 1734 1078; x_wconf 90' lang='lat' dir='ltr'><strong>tempore</strong></span> <span class='ocrx_word' id='word_1_100' title='bbox 1755 1029 1894 1066; x_wconf 93' lang='lat' dir='ltr'><strong>eum</strong></span> <span class='ocrx_word' id='word_1_101' title='bbox 1912 1013 2194 1076; x_wconf 91' lang='lat' dir='ltr'><strong>retineb0,</strong></span> <span class='ocrx_word' id='word_1_102' title='bbox 2221 1014 2280 1066; x_wconf 94' lang='lat' dir='ltr'><strong>id</strong></span> <span class='ocrx_word' id='word_1_103' title='bbox 2301 1014 2460 1080; x_wconf 91' lang='lat' dir='ltr'><strong>quod</strong></span> 
     </span>
     <span class='ocr_line' id='line_1_11' title="bbox 262 1084 2555 1150; baseline -0.001 -11"><span class='ocrx_word' id='word_1_104' title='bbox 262 1087 421 1139; x_wconf 92' lang='lat' dir='ltr'><strong>bona</strong></span> <span class='ocrx_word' id='word_1_105' title='bbox 445 1092 548 1139; x_wconf 91' lang='lat' dir='ltr'><strong>tua</strong></span> <span class='ocrx_word' id='word_1_106' title='bbox 567 1088 744 1138; x_wconf 91' lang='lat' dir='ltr'><strong>venia</strong></span> <span class='ocrx_word' id='word_1_107' title='bbox 769 1085 897 1137; x_wconf 91' lang='lat' dir='ltr'><strong>fieri</strong></span> <span class='ocrx_word' id='word_1_108' title='bbox 923 1086 1089 1150; x_wconf 88' lang='lat' dir='ltr'><strong>posse,</strong></span> <span class='ocrx_word' id='word_1_109' title='bbox 1115 1086 1211 1137; x_wconf 89' lang='lat' dir='ltr'><strong>vel</strong></span> <span class='ocrx_word' id='word_1_110' title='bbox 1238 1101 1310 1137; x_wconf 86' lang='lat' dir='ltr'><strong>ex</strong></span> <span class='ocrx_word' id='word_1_111' title='bbox 1335 1087 1587 1150; x_wconf 88' lang='lat' dir='ltr'><strong>proprijs</strong></span> <span class='ocrx_word' id='word_1_112' title='bbox 1613 1087 1727 1137; x_wconf 90' lang='lat' dir='ltr'><strong>tuis</strong></span> <span class='ocrx_word' id='word_1_113' title='bbox 1753 1085 1932 1137; x_wconf 91' lang='lat' dir='ltr'><strong>literis</strong></span> <span class='ocrx_word' id='word_1_114' title='bbox 1952 1084 2100 1137; x_wconf 93' lang='lat' dir='ltr'><strong>mihi</strong></span> <span class='ocrx_word' id='word_1_115' title='bbox 2119 1085 2458 1150; x_wconf 80' lang='lat' dir='ltr'><strong>persuadeo,</strong></span> <span class='ocrx_word' id='word_1_116' title='bbox 2513 1102 2555 1137; x_wconf 87' lang='lat'><strong>10</strong></span> 
     </span>
     <span class='ocr_line' id='line_1_12' title="bbox 263 1156 2460 1222; baseline 0 -13"><span class='ocrx_word' id='word_1_117' title='bbox 263 1158 574 1210; x_wconf 91' lang='lat' dir='ltr'><strong>Remittam</strong></span> <span class='ocrx_word' id='word_1_118' title='bbox 605 1157 775 1209; x_wconf 92' lang='lat' dir='ltr'><strong>illum</strong></span> <span class='ocrx_word' id='word_1_119' title='bbox 805 1157 901 1208; x_wconf 94' lang='lat' dir='ltr'><strong>vel</strong></span> <span class='ocrx_word' id='word_1_120' title='bbox 931 1172 1035 1222; x_wconf 90' lang='lat' dir='ltr'><strong>per</strong></span> <span class='ocrx_word' id='word_1_121' title='bbox 1066 1158 1372 1221; x_wconf 91' lang='lat' dir='ltr'><strong>proprium</strong></span> <span class='ocrx_word' id='word_1_122' title='bbox 1404 1157 1703 1221; x_wconf 91' lang='lat' dir='ltr'><strong>quendam</strong></span> <span class='ocrx_word' id='word_1_123' title='bbox 1734 1156 1966 1208; x_wconf 90' lang='lat' dir='ltr'><strong>servum</strong></span> <span class='ocrx_word' id='word_1_124' title='bbox 1995 1159 2236 1208; x_wconf 92' lang='lat' dir='ltr'><strong>natione</strong></span> <span class='ocrx_word' id='word_1_125' title='bbox 2272 1156 2460 1209; x_wconf 91' lang='lat' dir='ltr'><strong>Bohe-</strong></span> 
     </span>
     <span class='ocr_line' id='line_1_13' title="bbox 262 1227 2460 1293; baseline -0.001 -12"><span class='ocrx_word' id='word_1_126' title='bbox 262 1245 444 1290; x_wconf 90' lang='lat' dir='ltr'><strong>mum,</strong></span> <span class='ocrx_word' id='word_1_127' title='bbox 458 1228 882 1281; x_wconf 91' lang='lat' dir='ltr'><strong>Mechanicum</strong></span> <span class='ocrx_word' id='word_1_128' title='bbox 891 1243 1095 1280; x_wconf 92' lang='lat' dir='ltr'><strong>meum</strong></span> <span class='ocrx_word' id='word_1_129' title='bbox 1104 1227 1411 1292; x_wconf 91' lang='lat' dir='ltr'><strong>Opificem,</strong></span> <span class='ocrx_word' id='word_1_130' title='bbox 1427 1230 1528 1292; x_wconf 93' lang='lat' dir='ltr'><strong>qui</strong></span> <span class='ocrx_word' id='word_1_131' title='bbox 1542 1230 1606 1279; x_wconf 91' lang='lat' dir='ltr'><strong>in</strong></span> <span class='ocrx_word' id='word_1_132' title='bbox 1619 1230 1871 1292; x_wconf 92' lang='lat' dir='ltr'><strong>patriam</strong></span> <span class='ocrx_word' id='word_1_133' title='bbox 1885 1228 2137 1279; x_wconf 93' lang='lat' dir='ltr'><strong>reditum</strong></span> <span class='ocrx_word' id='word_1_134' title='bbox 2150 1230 2304 1279; x_wconf 90' lang='lat' dir='ltr'><strong>intra</strong></span> <span class='ocrx_word' id='word_1_135' title='bbox 2317 1243 2460 1293; x_wconf 94' lang='lat' dir='ltr'><strong>pau-</strong></span> 
     </span>
     <span class='ocr_line' id='line_1_14' title="bbox 263 1298 2461 1363; baseline -0.001 -11"><span class='ocrx_word' id='word_1_136' title='bbox 263 1316 360 1352; x_wconf 89' lang='lat' dir='ltr'><strong>cas</strong></span> <span class='ocrx_word' id='word_1_137' title='bbox 385 1299 789 1352; x_wconf 91' lang='lat' dir='ltr'><strong>hebdomadas</strong></span> <span class='ocrx_word' id='word_1_138' title='bbox 809 1315 846 1351; x_wconf 91' lang='lat' dir='ltr'><strong>a</strong></span> <span class='ocrx_word' id='word_1_139' title='bbox 864 1314 977 1361; x_wconf 93' lang='lat' dir='ltr'><strong>me,</strong></span> <span class='ocrx_word' id='word_1_140' title='bbox 1004 1305 1069 1351; x_wconf 94' lang='lat' dir='ltr'><strong>ut</strong></span> <span class='ocrx_word' id='word_1_141' title='bbox 1092 1298 1226 1351; x_wconf 93' lang='lat' dir='ltr'><strong>suos</strong></span> <span class='ocrx_word' id='word_1_142' title='bbox 1252 1298 1475 1359; x_wconf 88' lang='lat' dir='ltr'><strong>revisat,</strong></span> <span class='ocrx_word' id='word_1_143' title='bbox 1502 1301 1851 1363; x_wconf 90' lang='lat' dir='ltr'><strong>impetravit,</strong></span> <span class='ocrx_word' id='word_1_144' title='bbox 1875 1299 2243 1363; x_wconf 89' lang='lat' dir='ltr'><strong>postmodum</strong></span> <span class='ocrx_word' id='word_1_145' title='bbox 2264 1298 2461 1351; x_wconf 91' lang='lat' dir='ltr'><strong>denuo</strong></span> 
     </span>
     <span class='ocr_line' id='line_1_15' title="bbox 262 1370 2460 1434; baseline -0.001 -11"><span class='ocrx_word' id='word_1_146' title='bbox 262 1371 379 1423; x_wconf 91' lang='lat' dir='ltr'><strong>huc</strong></span> <span class='ocrx_word' id='word_1_147' title='bbox 399 1371 749 1423; x_wconf 81' lang='lat' dir='ltr'><strong>reversurus,</strong></span> <span class='ocrx_word' id='word_1_148' title='bbox 772 1370 950 1434; x_wconf 91' lang='lat' dir='ltr'><strong>Quod</strong></span> <span class='ocrx_word' id='word_1_149' title='bbox 964 1370 1006 1422; x_wconf 89' lang='lat' dir='ltr'>fi</span> <span class='ocrx_word' id='word_1_150' title='bbox 1018 1370 1148 1422; x_wconf 88' lang='lat' dir='ltr'><strong>haec</strong></span> <span class='ocrx_word' id='word_1_151' title='bbox 1162 1373 1312 1422; x_wconf 88' lang='lat' dir='ltr'><strong>ratio</strong></span> <span class='ocrx_word' id='word_1_152' title='bbox 1327 1373 1525 1421; x_wconf 91' lang='lat' dir='ltr'><strong>minus</strong></span> <span class='ocrx_word' id='word_1_153' title='bbox 1540 1371 1850 1422; x_wconf 89' lang='lat' dir='ltr'><strong>commode</strong></span> <span class='ocrx_word' id='word_1_154' title='bbox 1866 1370 2192 1430; x_wconf 89' lang='lat' dir='ltr'><strong>successerit,</strong></span> <span class='ocrx_word' id='word_1_155' title='bbox 2211 1372 2275 1421; x_wconf 93' lang='lat' dir='ltr'><strong>in</strong></span> <span class='ocrx_word' id='word_1_156' title='bbox 2291 1370 2460 1422; x_wconf 92' lang='lat' dir='ltr'><strong>Nun-</strong></span> 
     </span>
     <span class='ocr_line' id='line_1_16' title="bbox 263 1440 2556 1507; baseline -0 -13"><span class='ocrx_word' id='word_1_157' title='bbox 263 1443 415 1494; x_wconf 91' lang='lat' dir='ltr'><strong>dinis</strong></span> <span class='ocrx_word' id='word_1_158' title='bbox 434 1441 898 1494; x_wconf 91' lang='lat' dir='ltr'><strong>Autumnalibus</strong></span> <span class='ocrx_word' id='word_1_159' title='bbox 924 1441 1375 1493; x_wconf 85' lang='lat' dir='ltr'><strong>Francosurtum</strong></span> <span class='ocrx_word' id='word_1_160' title='bbox 1401 1441 1476 1493; x_wconf 90' lang='lat' dir='ltr'><strong>ad</strong></span> <span class='ocrx_word' id='word_1_161' title='bbox 1504 1441 1899 1506; x_wconf 91' lang='lat' dir='ltr'><strong>Bibliopolam</strong></span> <span class='ocrx_word' id='word_1_162' title='bbox 1926 1448 1981 1493; x_wconf 93' lang='lat' dir='ltr'><strong>et</strong></span> <span class='ocrx_word' id='word_1_163' title='bbox 1999 1440 2462 1507; x_wconf 87' lang='lat' dir='ltr'><strong>Typographum</strong></span> <span class='ocrx_word' id='word_1_164' title='bbox 2514 1458 2556 1493; x_wconf 86' lang='lat'><strong>15</strong></span> 
     </span>
     <span class='ocr_line' id='line_1_17' title="bbox 263 1511 2460 1578; baseline -0 -13"><span class='ocrx_word' id='word_1_165' title='bbox 263 1513 432 1565; x_wconf 93' lang='lat' dir='ltr'><strong>illum</strong></span> <span class='ocrx_word' id='word_1_166' title='bbox 453 1513 716 1573; x_wconf 86' lang='lat' dir='ltr'><strong>Gallum,</strong></span> <span class='ocrx_word' id='word_1_167' title='bbox 744 1513 815 1564; x_wconf 93' lang='lat' dir='ltr'><strong>de</strong></span> <span class='ocrx_word' id='word_1_168' title='bbox 842 1528 961 1577; x_wconf 95' lang='lat' dir='ltr'><strong>quo</strong></span> <span class='ocrx_word' id='word_1_169' title='bbox 987 1512 1135 1564; x_wconf 92' lang='lat' dir='ltr'><strong>mihi</strong></span> <span class='ocrx_word' id='word_1_170' title='bbox 1161 1511 1461 1578; x_wconf 82' lang='lat' dir='ltr'><strong>fignificaS‚</strong></span> <span class='ocrx_word' id='word_1_171' title='bbox 1488 1513 1591 1565; x_wconf 89' lang='lat' dir='ltr'><strong>tibi</strong></span> <span class='ocrx_word' id='word_1_172' title='bbox 1616 1512 2033 1564; x_wconf 85' lang='lat' dir='ltr'><strong>restituendum</strong></span> <span class='ocrx_word' id='word_1_173' title='bbox 2051 1511 2345 1565; x_wconf 88' lang='lat' dir='ltr'><strong>transferri</strong></span> <span class='ocrx_word' id='word_1_174' title='bbox 2365 1527 2460 1564; x_wconf 90' lang='lat' dir='ltr'><strong>cu-</strong></span> 
     </span>
     <span class='ocr_line' id='line_1_18' title="bbox 263 1582 2463 1648; baseline -0 -12"><span class='ocrx_word' id='word_1_175' title='bbox 263 1585 424 1636; x_wconf 78' lang='lat' dir='ltr'><strong>rabo,</strong></span> <span class='ocrx_word' id='word_1_176' title='bbox 447 1585 685 1636; x_wconf 91' lang='lat' dir='ltr'><strong>Interim</strong></span> <span class='ocrx_word' id='word_1_177' title='bbox 702 1599 844 1636; x_wconf 89' lang='lat' dir='ltr'><strong>vero</strong></span> <span class='ocrx_word' id='word_1_178' title='bbox 866 1583 1023 1648; x_wconf 91' lang='lat' dir='ltr'><strong>apud</strong></span> <span class='ocrx_word' id='word_1_179' title='bbox 1043 1584 1224 1636; x_wconf 95' lang='lat' dir='ltr'><strong>modo</strong></span> <span class='ocrx_word' id='word_1_180' title='bbox 1242 1582 1460 1636; x_wconf 74' lang='lat' dir='ltr'><strong>dictum</strong></span> <span class='ocrx_word' id='word_1_181' title='bbox 1476 1583 1962 1636; x_wconf 90' lang='lat' dir='ltr'>PLANTINUM</span> <span class='ocrx_word' id='word_1_182' title='bbox 1976 1583 2463 1648; x_wconf 89' lang='lat' dir='ltr'><strong>Antverpiensem</strong></span> 
     </span>
     <span class='ocr_line' id='line_1_19' title="bbox 264 1654 2461 1720; baseline 0 -14"><span class='ocrx_word' id='word_1_183' title='bbox 264 1656 335 1707; x_wconf 93' lang='lat' dir='ltr'><strong>de</strong></span> <span class='ocrx_word' id='word_1_184' title='bbox 364 1662 468 1707; x_wconf 93' lang='lat' dir='ltr'><strong>tuo</strong></span> <span class='ocrx_word' id='word_1_185' title='bbox 499 1657 676 1707; x_wconf 91' lang='lat' dir='ltr'><strong>etiam</strong></span> <span class='ocrx_word' id='word_1_186' title='bbox 705 1654 818 1706; x_wconf 89' lang='lat' dir='ltr'><strong>hoe</strong></span> <span class='ocrx_word' id='word_1_187' title='bbox 847 1655 996 1706; x_wconf 93' lang='lat' dir='ltr'><strong>libro</strong></span> <span class='ocrx_word' id='word_1_188' title='bbox 1025 1670 1129 1720; x_wconf 95' lang='lat' dir='ltr'><strong>per</strong></span> <span class='ocrx_word' id='word_1_189' title='bbox 1157 1654 1354 1707; x_wconf 89' lang='lat' dir='ltr'><strong>literas</strong></span> <span class='ocrx_word' id='word_1_190' title='bbox 1384 1654 1737 1719; x_wconf 88' lang='lat' dir='ltr'><strong>expiscabor,</strong></span> <span class='ocrx_word' id='word_1_191' title='bbox 1768 1670 1847 1706; x_wconf 91' lang='lat' dir='ltr'><strong>an</strong></span> <span class='ocrx_word' id='word_1_192' title='bbox 1877 1670 2015 1707; x_wconf 91' lang='lat' dir='ltr'><strong>eum</strong></span> <span class='ocrx_word' id='word_1_193' title='bbox 2040 1654 2155 1706; x_wconf 93' lang='lat' dir='ltr'><strong>suis</strong></span> <span class='ocrx_word' id='word_1_194' title='bbox 2180 1655 2461 1707; x_wconf 91' lang='lat' dir='ltr'><strong>sumtibus</strong></span> 
     </span>
     <span class='ocr_line' id='line_1_20' title="bbox 265 1725 2461 1791; baseline 0 -14"><span class='ocrx_word' id='word_1_195' title='bbox 265 1727 436 1778; x_wconf 92' lang='lat' dir='ltr'><strong>edere</strong></span> <span class='ocrx_word' id='word_1_196' title='bbox 451 1742 575 1778; x_wconf 91' lang='lat' dir='ltr'><strong>non</strong></span> <span class='ocrx_word' id='word_1_197' title='bbox 588 1733 874 1791; x_wconf 88' lang='lat' dir='ltr'><strong>gravetur,</strong></span> <span class='ocrx_word' id='word_1_198' title='bbox 892 1725 1113 1790; x_wconf 91' lang='lat' dir='ltr'><strong>tibique</strong></span> <span class='ocrx_word' id='word_1_199' title='bbox 1126 1725 1302 1791; x_wconf 91' lang='lat' dir='ltr'><strong>ipfius</strong></span> <span class='ocrx_word' id='word_1_200' title='bbox 1315 1726 1683 1778; x_wconf 91' lang='lat' dir='ltr'><strong>voluntatem</strong></span> <span class='ocrx_word' id='word_1_201' title='bbox 1696 1726 1892 1790; x_wconf 84' lang='lat' dir='ltr'><strong>postea</strong></span> <span class='ocrx_word' id='word_1_202' title='bbox 1904 1725 2254 1791; x_wconf 81' lang='lat' dir='ltr'><strong>fignificabO.</strong></span> <span class='ocrx_word' id='word_1_203' title='bbox 2276 1726 2461 1778; x_wconf 88' lang='lat' dir='ltr'><strong>Haud</strong></span> 
     </span>
     <span class='ocr_line' id='line_1_21' title="bbox 262 1797 2556 1863; baseline 0 -15"><span class='ocrx_word' id='word_1_204' title='bbox 262 1797 399 1849; x_wconf 90' lang='lat' dir='ltr'><strong>sane</strong></span> <span class='ocrx_word' id='word_1_205' title='bbox 433 1797 722 1849; x_wconf 87' lang='lat' dir='ltr'><strong>illibenter</strong></span> <span class='ocrx_word' id='word_1_206' title='bbox 757 1797 995 1861; x_wconf 92' lang='lat' dir='ltr'><strong>ipsemet</strong></span> <span class='ocrx_word' id='word_1_207' title='bbox 1028 1812 1133 1861; x_wconf 89' lang='lat' dir='ltr'><strong>per</strong></span> <span class='ocrx_word' id='word_1_208' title='bbox 1163 1799 1464 1862; x_wconf 89' lang='lat' dir='ltr'><strong>propriam</strong></span> <span class='ocrx_word' id='word_1_209' title='bbox 1496 1797 1751 1849; x_wconf 88' lang='lat' dir='ltr'><strong>nostram</strong></span> <span class='ocrx_word' id='word_1_210' title='bbox 1781 1797 2260 1863; x_wconf 89' lang='lat' dir='ltr'><strong>Typographiam</strong></span> <span class='ocrx_word' id='word_1_211' title='bbox 2291 1804 2460 1849; x_wconf 92' lang='lat' dir='ltr'><strong>tuum</strong></span> <span class='ocrx_word' id='word_1_212' title='bbox 2510 1813 2556 1848; x_wconf 89' lang='lat'><strong>20</strong></span> 
     </span>
     <span class='ocr_line' id='line_1_22' title="bbox 262 1867 2462 1932; baseline 0 -13"><span class='ocrx_word' id='word_1_213' title='bbox 262 1867 422 1920; x_wconf 91' lang='lat' dir='ltr'><strong>hunc</strong></span> <span class='ocrx_word' id='word_1_214' title='bbox 441 1867 652 1920; x_wconf 88' lang='lat' dir='ltr'><strong>foetum</strong></span> <span class='ocrx_word' id='word_1_215' title='bbox 671 1868 973 1932; x_wconf 92' lang='lat' dir='ltr'><strong>publicum</strong></span> <span class='ocrx_word' id='word_1_216' title='bbox 992 1868 1297 1920; x_wconf 91' lang='lat' dir='ltr'><strong>redderem</strong></span> <span class='ocrx_word' id='word_1_217' title='bbox 1316 1868 1412 1920; x_wconf 93' lang='lat' dir='ltr'><strong>vel</strong></span> <span class='ocrx_word' id='word_1_218' title='bbox 1430 1868 1661 1920; x_wconf 84' lang='lat' dir='ltr'><strong>seorsim</strong></span> <span class='ocrx_word' id='word_1_219' title='bbox 1680 1884 1784 1932; x_wconf 91' lang='lat' dir='ltr'><strong>per</strong></span> <span class='ocrx_word' id='word_1_220' title='bbox 1803 1868 1858 1920; x_wconf 93' lang='lat' dir='ltr'><strong>se</strong></span> <span class='ocrx_word' id='word_1_221' title='bbox 1878 1869 1974 1920; x_wconf 94' lang='lat' dir='ltr'><strong>vel</strong></span> <span class='ocrx_word' id='word_1_222' title='bbox 1993 1868 2197 1920; x_wconf 92' lang='lat' dir='ltr'><strong>nostris</strong></span> <span class='ocrx_word' id='word_1_223' title='bbox 2213 1871 2276 1920; x_wconf 93' lang='lat' dir='ltr'><strong>in</strong></span> <span class='ocrx_word' id='word_1_224' title='bbox 2292 1868 2462 1920; x_wconf 89' lang='lat' dir='ltr'><strong>fimili</strong></span> 
     </span>
     <span class='ocr_line' id='line_1_23' title="bbox 263 1938 2461 2004; baseline 0 -14"><span class='ocrx_word' id='word_1_225' title='bbox 263 1941 510 1991; x_wconf 91' lang='lat' dir='ltr'><strong>materia</strong></span> <span class='ocrx_word' id='word_1_226' title='bbox 529 1939 922 2003; x_wconf 84' lang='lat' dir='ltr'><strong>adiungendO,</strong></span> <span class='ocrx_word' id='word_1_227' title='bbox 943 1938 1125 1991; x_wconf 92' lang='lat' dir='ltr'><strong>veluti</strong></span> <span class='ocrx_word' id='word_1_228' title='bbox 1145 1954 1182 1990; x_wconf 91' lang='lat' dir='ltr'><strong>a</strong></span> <span class='ocrx_word' id='word_1_229' title='bbox 1201 1955 1296 1991; x_wconf 93' lang='lat' dir='ltr'><strong>me</strong></span> <span class='ocrx_word' id='word_1_230' title='bbox 1319 1942 1556 2004; x_wconf 84' lang='lat' dir='ltr'><strong>expetiS‚</strong></span> <span class='ocrx_word' id='word_1_231' title='bbox 1577 1939 1672 1991; x_wconf 94' lang='lat' dir='ltr'><strong>sed</strong></span> <span class='ocrx_word' id='word_1_232' title='bbox 1693 1939 1888 2000; x_wconf 83' lang='lat' dir='ltr'><strong>obstat,</strong></span> <span class='ocrx_word' id='word_1_233' title='bbox 1910 1940 2070 2004; x_wconf 94' lang='lat' dir='ltr'><strong>quod</strong></span> <span class='ocrx_word' id='word_1_234' title='bbox 2089 1955 2292 1991; x_wconf 92' lang='lat' dir='ltr'><strong>meum</strong></span> <span class='ocrx_word' id='word_1_235' title='bbox 2312 1955 2461 2004; x_wconf 94' lang='lat' dir='ltr'><strong>opus</strong></span> 
     </span>
     <span class='ocr_line' id='line_1_24' title="bbox 264 2008 2460 2075; baseline 0 -14"><span class='ocrx_word' id='word_1_236' title='bbox 264 2010 334 2061; x_wconf 95' lang='lat' dir='ltr'><strong>de</strong></span> <span class='ocrx_word' id='word_1_237' title='bbox 356 2010 545 2062; x_wconf 94' lang='lat' dir='ltr'><strong>Novis</strong></span> <span class='ocrx_word' id='word_1_238' title='bbox 565 2009 773 2061; x_wconf 92' lang='lat' dir='ltr'><strong>mundi</strong></span> <span class='ocrx_word' id='word_1_239' title='bbox 792 2008 1056 2062; x_wconf 91' lang='lat' dir='ltr'><strong>AEtherei</strong></span> <span class='ocrx_word' id='word_1_240' title='bbox 1075 2010 1551 2075; x_wconf 90' lang='lat' dir='ltr'><strong>generationibus</strong></span> <span class='ocrx_word' id='word_1_241' title='bbox 1572 2010 1763 2062; x_wconf 88' lang='lat' dir='ltr'><strong>nostro</strong></span> <span class='ocrx_word' id='word_1_242' title='bbox 1788 2026 1919 2062; x_wconf 87' lang='lat' dir='ltr'><strong>aevo</strong></span> <span class='ocrx_word' id='word_1_243' title='bbox 1948 2009 2262 2075; x_wconf 61' lang='lat' dir='ltr'><strong>conspectis</strong></span> <span class='ocrx_word' id='word_1_244' title='bbox 2287 2013 2350 2062; x_wconf 90' lang='lat' dir='ltr'><strong>in</strong></span> <span class='ocrx_word' id='word_1_245' title='bbox 2375 2013 2460 2062; x_wconf 90' lang='lat' dir='ltr'><strong>iu-</strong></span> 
     </span>
     <span class='ocr_line' id='line_1_25' title="bbox 262 2080 2460 2147; baseline 0 -15"><span class='ocrx_word' id='word_1_246' title='bbox 262 2081 405 2132; x_wconf 82' lang='lat' dir='ltr'><strong>stam</strong></span> <span class='ocrx_word' id='word_1_247' title='bbox 424 2096 528 2146; x_wconf 92' lang='lat' dir='ltr'><strong>per</strong></span> <span class='ocrx_word' id='word_1_248' title='bbox 547 2081 602 2132; x_wconf 88' lang='lat' dir='ltr'><strong>se</strong></span> <span class='ocrx_word' id='word_1_249' title='bbox 623 2080 892 2133; x_wconf 88' lang='lat' dir='ltr'><strong>excrescit</strong></span> <span class='ocrx_word' id='word_1_250' title='bbox 911 2081 1396 2146; x_wconf 88' lang='lat' dir='ltr'><strong>magnitudinem,</strong></span> <span class='ocrx_word' id='word_1_251' title='bbox 1416 2084 1498 2133; x_wconf 91' lang='lat' dir='ltr'><strong>ita</strong></span> <span class='ocrx_word' id='word_1_252' title='bbox 1511 2088 1575 2133; x_wconf 95' lang='lat' dir='ltr'><strong>ut</strong></span> <span class='ocrx_word' id='word_1_253' title='bbox 1588 2097 1713 2133; x_wconf 92' lang='lat' dir='ltr'><strong>non</strong></span> <span class='ocrx_word' id='word_1_254' title='bbox 1725 2084 1982 2146; x_wconf 92' lang='lat' dir='ltr'><strong>patiatur</strong></span> <span class='ocrx_word' id='word_1_255' title='bbox 1995 2082 2117 2147; x_wconf 91' lang='lat' dir='ltr'><strong>ipsa</strong></span> <span class='ocrx_word' id='word_1_256' title='bbox 2130 2081 2262 2134; x_wconf 91' lang='lat' dir='ltr'><strong>libri</strong></span> <span class='ocrx_word' id='word_1_257' title='bbox 2276 2097 2460 2146; x_wconf 93' lang='lat' dir='ltr'><strong>quan—</strong></span> 
     </span>
     <span class='ocr_line' id='line_1_26' title="bbox 260 2151 2556 2218; baseline 0 -15"><span class='ocrx_word' id='word_1_258' title='bbox 260 2155 409 2212; x_wconf 84' lang='lat' dir='ltr'><strong>titaS‚</strong></span> <span class='ocrx_word' id='word_1_259' title='bbox 439 2159 561 2204; x_wconf 94' lang='lat' dir='ltr'><strong>tam</strong></span> <span class='ocrx_word' id='word_1_260' title='bbox 589 2152 849 2217; x_wconf 88' lang='lat' dir='ltr'><strong>prolixas</strong></span> <span class='ocrx_word' id='word_1_261' title='bbox 877 2151 1315 2205; x_wconf 88' lang='lat' dir='ltr'><strong>lucubrationes</strong></span> <span class='ocrx_word' id='word_1_262' title='bbox 1345 2153 1603 2218; x_wconf 89' lang='lat' dir='ltr'><strong>adiungi,</strong></span> <span class='ocrx_word' id='word_1_263' title='bbox 1636 2152 1742 2204; x_wconf 90' lang='lat' dir='ltr'><strong>nifi</strong></span> <span class='ocrx_word' id='word_1_264' title='bbox 1770 2155 1833 2204; x_wconf 92' lang='lat' dir='ltr'><strong>in</strong></span> <span class='ocrx_word' id='word_1_265' title='bbox 1862 2152 2242 2205; x_wconf 83' lang='lat' dir='ltr'><strong>monstrosam</strong></span> <span class='ocrx_word' id='word_1_266' title='bbox 2271 2160 2326 2205; x_wconf 92' lang='lat' dir='ltr'><strong>et</strong></span> <span class='ocrx_word' id='word_1_267' title='bbox 2354 2155 2459 2204; x_wconf 92' lang='lat' dir='ltr'><strong>im·</strong></span> <span class='ocrx_word' id='word_1_268' title='bbox 2510 2169 2556 2204; x_wconf 87' lang='lat'><strong>25</strong></span> 
     </span>
     <span class='ocr_line' id='line_1_27' title="bbox 260 2223 2462 2289; baseline 0 -15"><span class='ocrx_word' id='word_1_269' title='bbox 260 2224 557 2275; x_wconf 90' lang='lat' dir='ltr'><strong>modicam</strong></span> <span class='ocrx_word' id='word_1_270' title='bbox 578 2223 918 2275; x_wconf 90' lang='lat' dir='ltr'><strong>dilataretur</strong></span> <span class='ocrx_word' id='word_1_271' title='bbox 937 2223 1209 2276; x_wconf 87' lang='lat' dir='ltr'><strong>formam.</strong></span> <span class='ocrx_word' id='word_1_272' title='bbox 1237 2224 1398 2276; x_wconf 90' lang='lat' dir='ltr'><strong>Nam</strong></span> <span class='ocrx_word' id='word_1_273' title='bbox 1420 2231 1474 2276; x_wconf 87' lang='lat' dir='ltr'><strong>et</strong></span> <span class='ocrx_word' id='word_1_274' title='bbox 1493 2224 1733 2288; x_wconf 91' lang='lat' dir='ltr'><strong>ipsemet</strong></span> <span class='ocrx_word' id='word_1_275' title='bbox 1757 2223 1913 2276; x_wconf 90' lang='lat' dir='ltr'><strong>hanc</strong></span> <span class='ocrx_word' id='word_1_276' title='bbox 1934 2225 2008 2277; x_wconf 96' lang='lat' dir='ltr'><strong>ob</strong></span> <span class='ocrx_word' id='word_1_277' title='bbox 2030 2224 2266 2276; x_wconf 90' lang='lat' dir='ltr'><strong>causam</strong></span> <span class='ocrx_word' id='word_1_278' title='bbox 2286 2239 2462 2289; x_wconf 93' lang='lat' dir='ltr'><strong>cogor</strong></span> 
     </span>
     <span class='ocr_line' id='line_1_28' title="bbox 261 2294 2460 2360; baseline 0.001 -15"><span class='ocrx_word' id='word_1_279' title='bbox 261 2297 325 2345; x_wconf 93' lang='lat' dir='ltr'><strong>in</strong></span> <span class='ocrx_word' id='word_1_280' title='bbox 352 2294 698 2359; x_wconf 88' lang='lat' dir='ltr'><strong>quibusdam</strong></span> <span class='ocrx_word' id='word_1_281' title='bbox 723 2295 956 2346; x_wconf 89' lang='lat' dir='ltr'><strong>brevior</strong></span> <span class='ocrx_word' id='word_1_282' title='bbox 983 2295 1103 2356; x_wconf 86' lang='lat' dir='ltr'><strong>esse,</strong></span> <span class='ocrx_word' id='word_1_283' title='bbox 1132 2310 1315 2360; x_wconf 93' lang='lat' dir='ltr'><strong>quam</strong></span> <span class='ocrx_word' id='word_1_284' title='bbox 1340 2295 1488 2347; x_wconf 90' lang='lat' dir='ltr'><strong>alias</strong></span> <span class='ocrx_word' id='word_1_285' title='bbox 1513 2295 1744 2348; x_wconf 90' lang='lat' dir='ltr'><strong>vellem.</strong></span> <span class='ocrx_word' id='word_1_286' title='bbox 1766 2295 2107 2347; x_wconf 89' lang='lat' dir='ltr'><strong>Verendum</strong></span> <span class='ocrx_word' id='word_1_287' title='bbox 2133 2298 2293 2347; x_wconf 92' lang='lat' dir='ltr'><strong>enim</strong></span> <span class='ocrx_word' id='word_1_288' title='bbox 2318 2295 2460 2348; x_wconf 91' lang='lat' dir='ltr'><strong>alio-</strong></span> 
     </span>
     <span class='ocr_line' id='line_1_29' title="bbox 263 2365 2461 2431; baseline 0.001 -15"><span class='ocrx_word' id='word_1_289' title='bbox 263 2368 423 2429; x_wconf 92' lang='lat' dir='ltr'><strong>quin,</strong></span> <span class='ocrx_word' id='word_1_290' title='bbox 450 2381 526 2417; x_wconf 90' lang='lat' dir='ltr'><strong>ne</strong></span> <span class='ocrx_word' id='word_1_291' title='bbox 551 2381 676 2417; x_wconf 91' lang='lat' dir='ltr'><strong>non</strong></span> <span class='ocrx_word' id='word_1_292' title='bbox 700 2365 902 2418; x_wconf 92' lang='lat' dir='ltr'><strong>saltem</strong></span> <span class='ocrx_word' id='word_1_293' title='bbox 926 2365 1072 2418; x_wconf 91' lang='lat' dir='ltr'><strong>liber</strong></span> <span class='ocrx_word' id='word_1_294' title='bbox 1097 2366 1201 2418; x_wconf 91' lang='lat' dir='ltr'><strong>sua</strong></span> <span class='ocrx_word' id='word_1_295' title='bbox 1227 2366 1588 2418; x_wconf 85' lang='lat' dir='ltr'><strong>crassitudine</strong></span> <span class='ocrx_word' id='word_1_296' title='bbox 1613 2367 1861 2419; x_wconf 92' lang='lat' dir='ltr'><strong>modum</strong></span> <span class='ocrx_word' id='word_1_297' title='bbox 1888 2366 2144 2427; x_wconf 83' lang='lat' dir='ltr'><strong>excedat,</strong></span> <span class='ocrx_word' id='word_1_298' title='bbox 2171 2366 2266 2419; x_wconf 93' lang='lat' dir='ltr'><strong>sed</strong></span> <span class='ocrx_word' id='word_1_299' title='bbox 2287 2373 2342 2418; x_wconf 90' lang='lat' dir='ltr'><strong>et</strong></span> <span class='ocrx_word' id='word_1_300' title='bbox 2360 2381 2461 2431; x_wconf 92' lang='lat' dir='ltr'><strong>pa-</strong></span> 
     </span>
     <span class='ocr_line' id='line_1_30' title="bbox 260 2436 2460 2503; baseline 0 -15"><span class='ocrx_word' id='word_1_301' title='bbox 260 2452 456 2502; x_wconf 83' lang='lat' dir='ltr'><strong>pyruS,</strong></span> <span class='ocrx_word' id='word_1_302' title='bbox 485 2452 667 2501; x_wconf 92' lang='lat' dir='ltr'><strong>quam</strong></span> <span class='ocrx_word' id='word_1_303' title='bbox 691 2440 754 2488; x_wconf 91' lang='lat' dir='ltr'><strong>in</strong></span> <span class='ocrx_word' id='word_1_304' title='bbox 780 2436 873 2488; x_wconf 92' lang='lat' dir='ltr'><strong>his</strong></span> <span class='ocrx_word' id='word_1_305' title='bbox 899 2437 1119 2489; x_wconf 88' lang='lat' dir='ltr'><strong>ultimis</strong></span> <span class='ocrx_word' id='word_1_306' title='bbox 1141 2438 1441 2490; x_wconf 92' lang='lat' dir='ltr'><strong>Nundinis</strong></span> <span class='ocrx_word' id='word_1_307' title='bbox 1461 2437 2038 2490; x_wconf 87' lang='lat' dir='ltr'><strong>Francofurtenfibus</strong></span> <span class='ocrx_word' id='word_1_308' title='bbox 2064 2437 2203 2490; x_wconf 92' lang='lat' dir='ltr'><strong>huic</strong></span> <span class='ocrx_word' id='word_1_309' title='bbox 2225 2440 2460 2503; x_wconf 90' lang='lat' dir='ltr'><strong>negotio</strong></span> 
     </span>
     <span class='ocr_line' id='line_1_31' title="bbox 262 2508 2555 2575; baseline 0 -16"><span class='ocrx_word' id='word_1_310' title='bbox 262 2510 617 2572; x_wconf 90' lang='lat' dir='ltr'><strong>comparavi,</strong></span> <span class='ocrx_word' id='word_1_311' title='bbox 645 2523 1027 2573; x_wconf 89' lang='lat' dir='ltr'><strong>nequaquam</strong></span> <span class='ocrx_word' id='word_1_312' title='bbox 1053 2511 1217 2573; x_wconf 91' lang='lat' dir='ltr'><strong>operi</strong></span> <span class='ocrx_word' id='word_1_313' title='bbox 1242 2508 1504 2561; x_wconf 90' lang='lat' dir='ltr'><strong>sufficiat.</strong></span> <span class='ocrx_word' id='word_1_314' title='bbox 1531 2509 1628 2561; x_wconf 88' lang='lat' dir='ltr'><strong>Ad</strong></span> <span class='ocrx_word' id='word_1_315' title='bbox 1653 2508 1783 2561; x_wconf 86' lang='lat' dir='ltr'><strong>haec</strong></span> <span class='ocrx_word' id='word_1_316' title='bbox 1809 2515 1945 2561; x_wconf 89' lang='lat' dir='ltr'><strong>ante</strong></span> <span class='ocrx_word' id='word_1_317' title='bbox 1971 2508 2248 2575; x_wconf 87' lang='lat' dir='ltr'><strong>hyemem</strong></span> <span class='ocrx_word' id='word_1_318' title='bbox 2272 2511 2459 2561; x_wconf 92' lang='lat' dir='ltr'><strong>otium</strong></span> <span class='ocrx_word' id='word_1_319' title='bbox 2508 2524 2555 2559; x_wconf 87' lang='lat'><strong>30</strong></span> 
     </span>
     <span class='ocr_line' id='line_1_32' title="bbox 260 2578 2461 2646; baseline 0.001 -16"><span class='ocrx_word' id='word_1_320' title='bbox 260 2578 409 2630; x_wconf 92' lang='lat' dir='ltr'><strong>mihi</strong></span> <span class='ocrx_word' id='word_1_321' title='bbox 427 2581 527 2631; x_wconf 86' lang='lat' dir='ltr'><strong>vix</strong></span> <span class='ocrx_word' id='word_1_322' title='bbox 548 2579 790 2631; x_wconf 90' lang='lat' dir='ltr'><strong>editioni</strong></span> <span class='ocrx_word' id='word_1_323' title='bbox 810 2595 1054 2644; x_wconf 87' lang='lat' dir='ltr'><strong>operam</strong></span> <span class='ocrx_word' id='word_1_324' title='bbox 1075 2580 1255 2632; x_wconf 91' lang='lat' dir='ltr'><strong>dandi</strong></span> <span class='ocrx_word' id='word_1_325' title='bbox 1273 2580 1535 2644; x_wconf 91' lang='lat' dir='ltr'><strong>suppetit,</strong></span> <span class='ocrx_word' id='word_1_326' title='bbox 1557 2596 1629 2632; x_wconf 92' lang='lat' dir='ltr'><strong>eo</strong></span> <span class='ocrx_word' id='word_1_327' title='bbox 1650 2580 1809 2645; x_wconf 93' lang='lat' dir='ltr'><strong>quod</strong></span> <span class='ocrx_word' id='word_1_328' title='bbox 1830 2580 2025 2632; x_wconf 82' lang='lat' dir='ltr'><strong>aestivo</strong></span> <span class='ocrx_word' id='word_1_329' title='bbox 2045 2587 2308 2645; x_wconf 91' lang='lat' dir='ltr'><strong>tempore</strong></span> <span class='ocrx_word' id='word_1_330' title='bbox 2329 2580 2461 2646; x_wconf 87' lang='lat' dir='ltr'><strong>alijs</strong></span> 
     </span>
     <span class='ocr_line' id='line_1_33' title="bbox 261 2650 2459 2716; baseline 0.001 -15"><span class='ocrx_word' id='word_1_331' title='bbox 261 2652 507 2715; x_wconf 91' lang='lat' dir='ltr'><strong>negotijs</strong></span> <span class='ocrx_word' id='word_1_332' title='bbox 536 2665 640 2715; x_wconf 90' lang='lat' dir='ltr'><strong>per</strong></span> <span class='ocrx_word' id='word_1_333' title='bbox 668 2653 998 2703; x_wconf 89' lang='lat' dir='ltr'><strong>amicorum</strong></span> <span class='ocrx_word' id='word_1_334' title='bbox 1028 2657 1082 2703; x_wconf 90' lang='lat' dir='ltr'><strong>et</strong></span> <span class='ocrx_word' id='word_1_335' title='bbox 1111 2650 1402 2703; x_wconf 90' lang='lat' dir='ltr'><strong>nobilium</strong></span> <span class='ocrx_word' id='word_1_336' title='bbox 1429 2651 1932 2703; x_wconf 88' lang='lat' dir='ltr'><strong>conversationem</strong></span> <span class='ocrx_word' id='word_1_337' title='bbox 1961 2652 2348 2716; x_wconf 89' lang='lat' dir='ltr'><strong>utplurimum</strong></span> <span class='ocrx_word' id='word_1_338' title='bbox 2377 2651 2459 2703; x_wconf 91' lang='lat' dir='ltr'><strong>di-</strong></span> 
     </span>
     <span class='ocr_line' id='line_1_34' title="bbox 261 2717 2579 2790; baseline 0 -17"><span class='ocrx_word' id='word_1_339' title='bbox 261 2721 496 2781; x_wconf 88' lang='lat' dir='ltr'><strong>strahar,</strong></span> <span class='ocrx_word' id='word_1_340' title='bbox 518 2722 694 2786; x_wconf 91' lang='lat' dir='ltr'><strong>idque</strong></span> <span class='ocrx_word' id='word_1_341' title='bbox 714 2717 1081 2790; x_wconf 76' lang='lat' dir='ltr'><strong>prae-sssertim</strong></span> <span class='ocrx_word' id='word_1_342' title='bbox 1100 2738 1259 2774; x_wconf 90' lang='lat' dir='ltr'><strong>nunc</strong></span> <span class='ocrx_word' id='word_1_343' title='bbox 1274 2722 1349 2774; x_wconf 95' lang='lat' dir='ltr'><strong>ob</strong></span> <span class='ocrx_word' id='word_1_344' title='bbox 1365 2722 1712 2774; x_wconf 86' lang='lat' dir='ltr'><strong>Illustrissimi</strong></span> <span class='ocrx_word' id='word_1_345' title='bbox 1726 2722 1911 2774; x_wconf 90' lang='lat' dir='ltr'><strong>Ducis</strong></span> <span class='ocrx_word' id='word_1_346' title='bbox 1926 2722 2460 2788; x_wconf 90' lang='lat' dir='ltr'><strong>Mechelburgenfis</strong></span> <span class='ocrx_word' id='word_1_347' title='bbox 2491 2730 2579 2773; x_wconf 71' lang='lat' dir='ltr'><strong>25V</strong></span> 
     </span>
     <span class='ocr_line' id='line_1_35' title="bbox 262 2792 2460 2859; baseline 0 -15"><span class='ocrx_word' id='word_1_348' title='bbox 262 2792 647 2845; x_wconf 90' lang='lat' dir='ltr'><strong>ULDARICI</strong></span> <span class='ocrx_word' id='word_1_349' title='bbox 671 2793 852 2845; x_wconf 92' lang='lat' dir='ltr'><strong>soceri</strong></span> <span class='ocrx_word' id='word_1_350' title='bbox 878 2794 1035 2858; x_wconf 88' lang='lat' dir='ltr'><strong>Regij</strong></span> <span class='ocrx_word' id='word_1_351' title='bbox 1066 2794 1142 2845; x_wconf 91' lang='lat' dir='ltr'><strong>ad</strong></span> <span class='ocrx_word' id='word_1_352' title='bbox 1168 2809 1364 2846; x_wconf 92' lang='lat' dir='ltr'><strong>arcem</strong></span> <span class='ocrx_word' id='word_1_353' title='bbox 1392 2793 1882 2859; x_wconf 88' lang='lat' dir='ltr'><strong>Cronenburgam</strong></span> <span class='ocrx_word' id='word_1_354' title='bbox 1907 2809 2110 2845; x_wconf 90' lang='lat' dir='ltr'><strong>recens</strong></span> <span class='ocrx_word' id='word_1_355' title='bbox 2136 2796 2199 2845; x_wconf 92' lang='lat' dir='ltr'><strong>in</strong></span> <span class='ocrx_word' id='word_1_356' title='bbox 2223 2795 2460 2858; x_wconf 91' lang='lat' dir='ltr'><strong>propin-</strong></span> 
     </span>
     <span class='ocr_line' id='line_1_36' title="bbox 262 2862 2556 2930; baseline 0 -16"><span class='ocrx_word' id='word_1_357' title='bbox 262 2879 381 2927; x_wconf 94' lang='lat' dir='ltr'><strong>quo</strong></span> <span class='ocrx_word' id='word_1_358' title='bbox 408 2863 701 2916; x_wconf 85' lang='lat' dir='ltr'><strong>Selandiae</strong></span> <span class='ocrx_word' id='word_1_359' title='bbox 730 2863 920 2916; x_wconf 92' lang='lat' dir='ltr'><strong>littore</strong></span> <span class='ocrx_word' id='word_1_360' title='bbox 949 2864 1260 2930; x_wconf 89' lang='lat' dir='ltr'><strong>magnifice</strong></span> <span class='ocrx_word' id='word_1_361' title='bbox 1287 2863 1609 2917; x_wconf 67' lang='lat' dir='ltr'><strong>extructam</strong></span> <span class='ocrx_word' id='word_1_362' title='bbox 1634 2865 1822 2917; x_wconf 89' lang='lat' dir='ltr'><strong>indies</strong></span> <span class='ocrx_word' id='word_1_363' title='bbox 1850 2862 2217 2929; x_wconf 71' lang='lat' dir='ltr'><strong>expectatum</strong></span> <span class='ocrx_word' id='word_1_364' title='bbox 2243 2864 2459 2916; x_wconf 90' lang='lat' dir='ltr'><strong>adven·</strong></span> <span class='ocrx_word' id='word_1_365' title='bbox 2508 2880 2556 2915; x_wconf 84' lang='lat'><strong>35</strong></span> 
     </span>
     <span class='ocr_line' id='line_1_37' title="bbox 261 2935 2459 3001; baseline 0.001 -16"><span class='ocrx_word' id='word_1_366' title='bbox 261 2940 403 2995; x_wconf 91' lang='lat' dir='ltr'><strong>tum,</strong></span> <span class='ocrx_word' id='word_1_367' title='bbox 431 2937 533 2998; x_wconf 93' lang='lat' dir='ltr'><strong>qui</strong></span> <span class='ocrx_word' id='word_1_368' title='bbox 554 2938 747 2995; x_wconf 87' lang='lat' dir='ltr'><strong>etiam,</strong></span> <span class='ocrx_word' id='word_1_369' title='bbox 776 2942 1066 2999; x_wconf 90' lang='lat' dir='ltr'><strong>quantum</strong></span> <span class='ocrx_word' id='word_1_370' title='bbox 1086 2951 1159 2987; x_wconf 85' lang='lat' dir='ltr'><strong>ex</strong></span> <span class='ocrx_word' id='word_1_371' title='bbox 1179 2936 1401 3001; x_wconf 90' lang='lat' dir='ltr'><strong>Regina</strong></span> <span class='ocrx_word' id='word_1_372' title='bbox 1420 2935 1545 2988; x_wconf 89' lang='lat' dir='ltr'><strong>filia</strong></span> <span class='ocrx_word' id='word_1_373' title='bbox 1564 2936 1840 2996; x_wconf 86' lang='lat' dir='ltr'><strong>intellexi,</strong></span> <span class='ocrx_word' id='word_1_374' title='bbox 1869 2941 1924 2987; x_wconf 90' lang='lat' dir='ltr'><strong>et</strong></span> <span class='ocrx_word' id='word_1_375' title='bbox 1948 2935 2169 2988; x_wconf 87' lang='lat' dir='ltr'><strong>nostras</strong></span> <span class='ocrx_word' id='word_1_376' title='bbox 2190 2936 2347 2988; x_wconf 88' lang='lat' dir='ltr'><strong>aedes</strong></span> <span class='ocrx_word' id='word_1_377' title='bbox 2367 2951 2459 2988; x_wconf 91' lang='lat' dir='ltr'><strong>ac-</strong></span> 
     </span>
     <span class='ocr_line' id='line_1_38' title="bbox 263 3005 2460 3072; baseline 0.001 -17"><span class='ocrx_word' id='word_1_378' title='bbox 263 3005 466 3056; x_wconf 89' lang='lat' dir='ltr'><strong>cedere</strong></span> <span class='ocrx_word' id='word_1_379' title='bbox 487 3011 623 3057; x_wconf 89' lang='lat' dir='ltr'><strong>ante</strong></span> <span class='ocrx_word' id='word_1_380' title='bbox 643 3005 813 3057; x_wconf 92' lang='lat' dir='ltr'><strong>suum</strong></span> <span class='ocrx_word' id='word_1_381' title='bbox 828 3022 858 3058; x_wconf 91' lang='lat' dir='ltr'><strong>e</strong></span> <span class='ocrx_word' id='word_1_382' title='bbox 874 3007 1074 3059; x_wconf 91' lang='lat' dir='ltr'><strong>Dania</strong></span> <span class='ocrx_word' id='word_1_383' title='bbox 1095 3006 1386 3059; x_wconf 88' lang='lat' dir='ltr'><strong>discessum</strong></span> <span class='ocrx_word' id='word_1_384' title='bbox 1406 3023 1530 3059; x_wconf 91' lang='lat' dir='ltr'><strong>non</strong></span> <span class='ocrx_word' id='word_1_385' title='bbox 1552 3006 2019 3072; x_wconf 91' lang='lat' dir='ltr'><strong>[de]dignabitur.</strong></span> <span class='ocrx_word' id='word_1_386' title='bbox 2042 3007 2316 3071; x_wconf 91' lang='lat' dir='ltr'><strong>Cumque</strong></span> <span class='ocrx_word' id='word_1_387' title='bbox 2336 3022 2460 3058; x_wconf 91' lang='lat' dir='ltr'><strong>non</strong></span> 
     </span>
     <span class='ocr_line' id='line_1_39' title="bbox 262 3075 2459 3143; baseline 0.001 -17"><span class='ocrx_word' id='word_1_388' title='bbox 262 3090 483 3139; x_wconf 88' lang='lat' dir='ltr'><strong>paucas</strong></span> <span class='ocrx_word' id='word_1_389' title='bbox 502 3075 905 3129; x_wconf 91' lang='lat' dir='ltr'><strong>hebdomadas</strong></span> <span class='ocrx_word' id='word_1_390' title='bbox 925 3078 1084 3141; x_wconf 90' lang='lat' dir='ltr'><strong>apud</strong></span> <span class='ocrx_word' id='word_1_391' title='bbox 1099 3077 1355 3130; x_wconf 88' lang='lat' dir='ltr'><strong>Sereniss.</strong></span> <span class='ocrx_word' id='word_1_392' title='bbox 1371 3078 1587 3143; x_wconf 91' lang='lat' dir='ltr'><strong>Regem</strong></span> <span class='ocrx_word' id='word_1_393' title='bbox 1606 3078 1865 3130; x_wconf 84' lang='lat' dir='ltr'><strong>nostrum</strong></span> <span class='ocrx_word' id='word_1_394' title='bbox 1885 3080 2008 3129; x_wconf 76' lang='lat' dir='ltr'><strong>una</strong></span> <span class='ocrx_word' id='word_1_395' title='bbox 2027 3094 2163 3130; x_wconf 92' lang='lat' dir='ltr'><strong>cum</strong></span> <span class='ocrx_word' id='word_1_396' title='bbox 2183 3078 2314 3143; x_wconf 92' lang='lat' dir='ltr'><strong>alijs</strong></span> <span class='ocrx_word' id='word_1_397' title='bbox 2335 3080 2459 3142; x_wconf 93' lang='lat' dir='ltr'><strong>qui-</strong></span> 
     </span>
     <span class='ocr_line' id='line_1_40' title="bbox 262 3145 2459 3212; baseline 0.001 -15"><span class='ocrx_word' id='word_1_398' title='bbox 262 3145 506 3197; x_wconf 91' lang='lat' dir='ltr'><strong>busdam</strong></span> <span class='ocrx_word' id='word_1_399' title='bbox 533 3146 877 3199; x_wconf 88' lang='lat' dir='ltr'><strong>Germaniae</strong></span> <span class='ocrx_word' id='word_1_400' title='bbox 903 3148 1268 3212; x_wconf 90' lang='lat' dir='ltr'><strong>Principibus</strong></span> <span class='ocrx_word' id='word_1_401' title='bbox 1295 3149 1769 3210; x_wconf 89' lang='lat' dir='ltr'><strong>commorabitur,</strong></span> <span class='ocrx_word' id='word_1_402' title='bbox 1801 3149 1963 3201; x_wconf 91' lang='lat' dir='ltr'><strong>haud</strong></span> <span class='ocrx_word' id='word_1_403' title='bbox 1994 3149 2167 3201; x_wconf 91' lang='lat' dir='ltr'><strong>dubie</strong></span> <span class='ocrx_word' id='word_1_404' title='bbox 2195 3149 2269 3201; x_wconf 95' lang='lat' dir='ltr'><strong>ob</strong></span> <span class='ocrx_word' id='word_1_405' title='bbox 2295 3148 2459 3200; x_wconf 91' lang='lat' dir='ltr'><strong>nobi-</strong></span> 
     </span>
     <span class='ocr_line' id='line_1_41' title="bbox 263 3216 2555 3284; baseline 0.001 -17"><span class='ocrx_word' id='word_1_406' title='bbox 263 3216 411 3267; x_wconf 92' lang='lat' dir='ltr'><strong>lium</strong></span> <span class='ocrx_word' id='word_1_407' title='bbox 432 3223 486 3268; x_wconf 90' lang='lat' dir='ltr'><strong>et</strong></span> <span class='ocrx_word' id='word_1_408' title='bbox 506 3218 871 3270; x_wconf 90' lang='lat' dir='ltr'><strong>eruditorum</strong></span> <span class='ocrx_word' id='word_1_409' title='bbox 890 3222 1171 3281; x_wconf 90' lang='lat' dir='ltr'><strong>virorum,</strong></span> <span class='ocrx_word' id='word_1_410' title='bbox 1199 3223 1301 3284; x_wconf 91' lang='lat' dir='ltr'><strong>qui</strong></span> <span class='ocrx_word' id='word_1_411' title='bbox 1325 3236 1426 3272; x_wconf 93' lang='lat' dir='ltr'><strong>eos</strong></span> <span class='ocrx_word' id='word_1_412' title='bbox 1447 3220 1897 3277; x_wconf 82' lang='lat' dir='ltr'><strong>comitabuntur,</strong></span> <span class='ocrx_word' id='word_1_413' title='bbox 1925 3220 2194 3272; x_wconf 89' lang='lat' dir='ltr'><strong>crebrum</strong></span> <span class='ocrx_word' id='word_1_414' title='bbox 2218 3222 2458 3280; x_wconf 89' lang='lat' dir='ltr'><strong>interea,</strong></span> <span class='ocrx_word' id='word_1_415' title='bbox 2508 3235 2555 3269; x_wconf 81' lang='grc' dir='ltr'><strong>4ο</strong></span> 
     </span>
     <span class='ocr_line' id='line_1_42' title="bbox 263 3287 2459 3355; baseline 0.001 -17"><span class='ocrx_word' id='word_1_416' title='bbox 263 3289 349 3339; x_wconf 90' lang='lat' dir='ltr'><strong>uti</strong></span> <span class='ocrx_word' id='word_1_417' title='bbox 367 3287 496 3339; x_wconf 90' lang='lat' dir='ltr'><strong>fieri</strong></span> <span class='ocrx_word' id='word_1_418' title='bbox 515 3288 672 3349; x_wconf 88' lang='lat' dir='ltr'><strong>solet,</strong></span> <span class='ocrx_word' id='word_1_419' title='bbox 699 3290 775 3340; x_wconf 92' lang='lat' dir='ltr'><strong>ad</strong></span> <span class='ocrx_word' id='word_1_420' title='bbox 800 3305 895 3340; x_wconf 91' lang='lat' dir='ltr'><strong>me</strong></span> <span class='ocrx_word' id='word_1_421' title='bbox 917 3290 1276 3351; x_wconf 84' lang='lat' dir='ltr'><strong>confluxum‚</strong></span> <span class='ocrx_word' id='word_1_422' title='bbox 1303 3291 1574 3343; x_wconf 91' lang='lat' dir='ltr'><strong>liberiore</strong></span> <span class='ocrx_word' id='word_1_423' title='bbox 1596 3294 1716 3343; x_wconf 91' lang='lat' dir='ltr'><strong>otio</strong></span> <span class='ocrx_word' id='word_1_424' title='bbox 1738 3294 1880 3343; x_wconf 91' lang='lat' dir='ltr'><strong>citra</strong></span> <span class='ocrx_word' id='word_1_425' title='bbox 1900 3291 2161 3343; x_wconf 93' lang='lat' dir='ltr'><strong>diuturni</strong></span> <span class='ocrx_word' id='word_1_426' title='bbox 2180 3293 2459 3355; x_wconf 92' lang='lat' dir='ltr'><strong>temporis</strong></span> 
     </span>
     <span class='ocr_line' id='line_1_43' title="bbox 263 3356 2459 3427; baseline 0.001 -18"><span class='ocrx_word' id='word_1_427' title='bbox 263 3356 548 3411; x_wconf 67' lang='lat' dir='ltr'><strong>iacturam</strong></span> <span class='ocrx_word' id='word_1_428' title='bbox 579 3361 678 3410; x_wconf 85' lang='lat' dir='ltr'><strong>vix</strong></span> <span class='ocrx_word' id='word_1_429' title='bbox 709 3360 991 3423; x_wconf 85' lang='lat' dir='ltr'><strong>perfruar,</strong></span> <span class='ocrx_word' id='word_1_430' title='bbox 1023 3362 1173 3413; x_wconf 90' lang='lat' dir='ltr'><strong>adeo</strong></span> <span class='ocrx_word' id='word_1_431' title='bbox 1209 3368 1272 3413; x_wconf 95' lang='lat' dir='ltr'><strong>ut</strong></span> <span class='ocrx_word' id='word_1_432' title='bbox 1306 3368 1442 3413; x_wconf 91' lang='lat' dir='ltr'><strong>ante</strong></span> <span class='ocrx_word' id='word_1_433' title='bbox 1480 3361 1813 3427; x_wconf 91' lang='lat' dir='ltr'><strong>hybernum</strong></span> <span class='ocrx_word' id='word_1_434' title='bbox 1844 3369 2076 3427; x_wconf 92' lang='lat' dir='ltr'><strong>tempus</strong></span> <span class='ocrx_word' id='word_1_435' title='bbox 2109 3363 2459 3426; x_wconf 86' lang='lat' dir='ltr'><strong>impressioni</strong></span> 
     </span>
     <span class='ocr_line' id='line_1_44' title="bbox 2260 3447 2459 3484; baseline 0.005 -1"><span class='ocrx_word' id='word_1_436' title='bbox 2260 3447 2459 3484; x_wconf 91' lang='lat' dir='ltr'><strong>rerum</strong></span> 
     </span>
    </p>
   </div>
  </div>
 </body>
</html>
