2664 4030
292 296 361 348 48
826 294 1268 348 EPISTOLAE
1294 294 1964 349 ASTRONOMICAE

291 437 707 503 portenderint,
734 439 933 490 minus
958 440 1157 498 miror,
1184 453 1280 490 me
1307 444 1607 503 utcunque
1627 440 1924 491 viventem
1950 441 2014 490 in
2039 441 2286 491 mortuis
2309 439 2491 492 abste

291 511 609 570 numerari,
636 508 678 560 fi
702 508 850 561 forte
875 507 1175 574 praedictio
1202 509 1305 562 illa
1324 509 1483 574 apud
1502 516 1557 562 te
1577 509 1814 562 mollior
1832 509 1957 571 fuit,
1985 525 2167 575 quam
2185 509 2333 563 mihi
2351 516 2491 563 tunc

290 581 549 633 indicare
560 580 804 642 voluisti,
817 581 1069 645 ideoque
1080 580 1530 646 supervacaneis
1540 580 1743 633 litteris
1754 580 2129 646 supersedisse.
2142 581 2491 634 Memineris

288 657 505 712 tamen,
520 651 857 704 Ascendens
871 667 1074 704 meum
1088 652 1342 704 necdum
1356 652 1594 705 Saturni
1604 653 1886 705 Anaretae
1900 652 2229 718 oppositum
2242 653 2489 718 attigisse,
2539 656 2568 700 -ι-

291 723 451 787 quod
472 738 545 776 ex
563 730 667 776 tua
687 738 925 788 quoque
944 723 1355 788 supputatione
1376 726 1530 776 circa
1548 739 1777 776 annum
1797 726 1984 776 aetatis
2000 739 2152 776 meae
2167 723 2234 776 65
2250 724 2491 776 demum
2540 740 2562 775 ⁵

291 797 537 856 eveniet,
560 810 738 859 quem
759 797 939 846 etiam
959 794 1034 845 ob
1055 794 1113 846 id
1134 810 1207 846 ex
1226 794 1598 860 Astrologicis
1618 797 1939 861 ratiocinijs
1958 794 2199 848 fatalem
2218 794 2366 847 mihi
2387 795 2491 847 esse

290 865 600 926 insinuasti,
627 881 665 917 a
690 880 827 929 qu0‚
855 871 919 917 ut
946 864 1209 917 conscius
1234 864 1320 925 fis,
1348 865 1389 916 fi
1414 864 1562 917 forte
1587 881 1724 917 mea
1744 872 1887 918 aetas
1908 872 1963 918 et
1982 866 2175 919 nostra
2194 865 2493 931 colloquia

288 937 391 988 tibi
422 938 713 988 memoria
746 935 1102 996 exciderunt,
1137 935 1332 988 adhuc
1364 939 1619 988 triennio
1652 935 1872 989 absum.
1905 937 2126 990 Aiebas
2156 940 2335 990 etiam
2363 936 2492 989 fieri

287 1008 454 1071 posse,
481 1015 545 1059 ut
571 1005 952 1061 directionem
972 1007 1304 1072 Horoscopi
1324 1007 1400 1059 ad
1419 1006 1670 1060 Trinum
1694 1007 1865 1060 suum
1889 1011 2196 1073 proprium
2215 1011 2369 1061 circa
2388 1023 2490 1061 an-

288 1094 436 1130 num
464 1079 534 1131 68
561 1078 918 1131 incidentem
943 1079 1281 1143 assequerer,
1311 1078 1662 1144 plerumque
1689 1078 1748 1131 id
1775 1079 2018 1131 concedi
2042 1081 2130 1145 ijs,
2161 1082 2264 1145 qui
2288 1079 2490 1145 Aqua·
2544 1095 2587 1130 ιο

288 1153 443 1202 rium
463 1149 873 1203 ascendentem
893 1149 1172 1210 obtinent,
1199 1149 1349 1202 mihi
1368 1149 1648 1212 revelasti,
1670 1150 1912 1215 quando
1932 1150 2003 1203 de
2023 1150 2117 1203 his
2137 1157 2192 1203 et
2211 1150 2492 1203 similibus

287 1220 655 1274 familiariter
687 1227 742 1273 et
772 1221 1029 1274 iucunde
1061 1220 1358 1273 sermones
1389 1221 1745 1283 miscuimuS,
1785 1228 1961 1287 atque
1995 1237 2026 1274 e
2058 1221 2342 1274 thesauris
2376 1223 2492 1274 tuis

287 1292 674 1359 Astrologicis,
702 1308 852 1357 quos
879 1292 1028 1345 alias
1052 1295 1116 1344 in
1142 1292 1478 1345 abscondito
1504 1292 1704 1354 habeS‚
1731 1292 1879 1345 mihi
1906 1293 2184 1358 quaedam
2206 1295 2492 1358 impartiri

286 1364 531 1426 voluisti,
559 1379 817 1429 quorum
844 1367 1173 1417 etiamnum
1197 1380 1415 1430 magna
1441 1367 1627 1417 animi
1646 1364 1947 1430 voluptate
1970 1364 2260 1417 recordor.
2289 1364 2491 1429 Quare

288 1451 423 1487 cum
443 1435 639 1488 adhuc
661 1442 716 1488 et
734 1437 935 1488 vivam
955 1442 1010 1488 et
1030 1435 1518 1501 qualitercunque
1532 1431 1553 1504 ΙΙ
1567 1435 1819 1496 valeam,
1841 1436 2001 1501 quod
2014 1442 2070 1488 te
2083 1451 2208 1488 non
2221 1438 2492 1501 ignorare
2522 1442 2606 1487 69¹·

287 1507 551 1569 arbitror,
583 1510 685 1572 qui
710 1514 834 1559 tam
859 1507 1040 1573 probe
1066 1523 1265 1560 meam
1293 1507 1551 1560 Genesin
1584 1514 1638 1559 et
1669 1507 1808 1559 hinc
1839 1507 2159 1572 pendentia
2183 1506 2304 1560 fata
2328 1506 2490 1568 nosti,

288 1586 581 1643 quatenus
594 1578 879 1631 humanae
892 1578 1190 1631 subiacent
1203 1578 1515 1640 industriae,
1533 1578 1873 1631 nullatenus
1889 1594 2023 1631 eam
2035 1578 2138 1631 tibi
2152 1578 2490 1631 inhumani·

286 1657 467 1702 tatem
494 1650 705 1711 tribuo,
738 1657 802 1703 ut
833 1666 945 1711 me,
980 1653 1253 1715 quamvis
1284 1665 1608 1715 pauperem
1639 1657 1693 1702 et
1721 1665 1933 1716 genere
1962 1649 2297 1716 ignobilem,
2330 1649 2426 1702 sed
2455 1664 2493 1702 a

288 1721 473 1773 Mufis
503 1721 752 1774 ditatum
779 1727 833 1774 et
858 1720 1233 1774 nobilitatum
1262 1721 1602 1787 asperneriS,
1631 1721 1728 1774 vel
1755 1720 2104 1787 superbiam,
2133 1727 2197 1774 ut
2225 1720 2492 1774 secundis

286 1793 461 1845 rebus
487 1792 692 1854 elatuS‚
719 1796 1022 1845 neminem
1047 1795 1334 1845 tenuioris
1358 1792 1612 1845 fortunae
1639 1793 1947 1845 hominem
1972 1794 2232 1846 amicitia
2249 1799 2354 1845 tua
2373 1792 2490 1858 dig·
2539 1806 2587 1842 20

286 1879 430 1916 num
451 1864 754 1924 existimeS,
771 1864 868 1916 vel
887 1864 1280 1925 calliditatem,
1298 1871 1362 1916 ut
1377 1863 1853 1917 benevolentiam
1869 1879 1977 1929 pro
1994 1871 2258 1929 tempore
2273 1879 2346 1916 ex
2358 1863 2492 1916 loco

286 1934 535 1988 simules,
567 1934 681 1988 Sed
709 1935 978 1988 facessant
1005 1935 1135 1988 haec
1166 1938 1385 1997 omnia,
1416 1936 1657 2001 indigna
1685 1935 1966 2002 generosa
1990 1941 2221 1997 natura,
2252 1934 2492 2000 qualem

287 2007 390 2059 esse
410 2013 577 2059 tuam
598 2022 629 2058 e
650 2007 878 2060 diutina
897 2007 1090 2060 nostra
1110 2007 1551 2059 conversatione
1575 2014 1849 2072 expertus
1874 2006 2018 2068 sum,
2044 2006 2338 2072 pleneque
2363 2021 2490 2071 per-

285 2077 517 2130 suasum
536 2077 746 2131 habe0.
769 2078 862 2131 De
882 2094 978 2131 me
999 2085 1199 2131 autem
1218 2078 1292 2130 fic
1313 2078 1600 2131 existimes
1612 2078 1808 2140 velim,
1829 2094 1925 2131 me
1938 2077 2042 2131 tibi
2057 2085 2111 2131 et
2124 2081 2422 2130 viventem
2436 2084 2492 2130 et

286 2156 587 2202 mortuum
601 2149 726 2203 fore
738 2152 1014 2203 amicum.
1024 2150 1187 2203 Vale.
1198 2150 1922 2216 AugustaeVindelicorum
1929 2150 1979 2203 9.
1989 2150 2138 2216 Maij
2150 2150 2333 2202 Anno
2344 2148 2488 2202 1578.
2539 2163 2586 2199 25

1513 2257 1978 2310 HIERONYMUS
2002 2256 2346 2310 WOLFIUS.

288 2431 362 2478 [Ex
382 2432 627 2479 apographo
647 2432 691 2469 in
712 2432 856 2470 codice
875 2432 1197 2470 Vindobonensi
1216 2433 1284 2469 lat.
1310 2431 1481 2477 1068666]

342 2519 931 2595 HENRICUS
973 2519 1534 2594 BRUCAEUS
1573 2521 1734 2602 AD
1773 2519 2439 2594 TYCHONEM

1246 2623 1535 2677 BRAHE.

1326 2705 1374 2748 S.
1400 2705 1450 2749 P.
2519 2701 2607 2746 80*

551 2840 559 2848 ,
707 2823 709 2826 <
759 2790 980 2854 RODIJ
983 2790 1033 2843 T
1047 2790 1347 2857 catalogus
1366 2790 1654 2843 librorum
1668 2789 1995 2843 Francfurti
2008 2789 2085 2842 ad
2098 2789 2380 2842 Moenum
2392 2804 2489 2842 ve-

563 2860 569 2881 ‘
656 2887 698 2949 ἶ
716 2870 719 2872 “
757 2863 1003 2923 nalium‚
1031 2864 1182 2943 inter
1202 2869 1423 2915 ceteros
1446 2861 1607 2915 hunc
1629 2864 1894 2914 invenio:
1925 2858 2288 2928 observatio
2308 2862 2373 2914 et
2390 2860 2489 2914 de·

552 3004 668 3106 IL*
710 3025 713 3028 ·
758 3001 1158 3075 constitutus
1132 3020 1198 3057 m
1203 3003 1460 3072 sphaera
1478 3009 1515 3065 Q
1534 3003 1839 3072 apparuit,
1859 3003 2176 3057 autoreM.
2191 3001 2488 3057 MICHA-

573 3048 669 3128 *θ’
706 3111 714 3125 -.
759 3064 927 3127 ELE
965 3075 1793 3143 MAESTL1N0,Tubingae
1837 3075 2005 3142 apud
2043 3072 2498 3129 GEORGIUM
2536 3088 2584 3125 ³⁵

766 3145 1218 3200 GROPENBA
1226 3146 1509 3201 CHIUM.
1530 3146 1714 3199 Hunc
1733 3147 2003 3199 nondum
2019 3145 2218 3198 videre
2235 3147 2487 3211 contigit,

287 3175 447 3279 quod
472 3169 513 3266 li
539 3164 627 3267 ad
640 3231 856 3269 manus
881 3234 1045 3271 meas
1071 3221 1418 3284 pervenerit,
1448 3217 1685 3278 curab0‚
1715 3223 1779 3269 ut
1808 3217 1883 3269 ad
1908 3223 1964 3270 te
1989 3219 2268 3279 mittatur,
2293 3215 2390 3269 vel
2415 3230 2488 3268 eo

286 3286 635 3350 potissimum
654 3290 914 3349 nomine,
942 3295 1006 3341 ut
1025 3289 1065 3340 fi
1083 3289 1232 3341 forte
1254 3305 1388 3342 eam
1406 3288 1771 3350 methodum,
1800 3287 2012 3353 easque
2035 3291 2293 3341 rationes
2314 3293 2369 3340 et
2388 3286 2487 3340 ob-

285 3356 553 3411 servandi
574 3365 629 3411 et
648 3359 1080 3413 demonstrandi
1099 3359 1451 3425 sequeretur,
1473 3375 1621 3425 quas
1640 3366 1704 3412 tu
1723 3359 2033 3425 approbas,
2054 3366 2118 3412 ut
2136 3359 2239 3412 tibi
2259 3357 2487 3442 constet,

2424 3444 2487 3481 m
