2632 4022
265 308 370 362 336
799 303 1236 358 EPISTOLAE
1262 301 1934 357 ASTRONOMICAE

266 449 340 494 [Ex
360 447 603 493 apographo
624 446 667 482 in
689 445 833 483 codice
852 444 1174 481 Vindobonensi
1194 444 1261 480 lat.
1282 442 1415 488 9737f]

330 526 1034 602 AMPLISSIMO
1085 524 2075 615 NOBILISSIMOQUE
2114 524 2400 611 VIRO,
2499 550 2587 593 27v

507 625 848 677 VIRTUTE
875 624 975 676 ET
1000 623 1497 676 ERUDITIONE
1523 622 2222 675 PRAEsTANTISSIMo

600 705 938 757 DOMINO
966 703 1339 756 TYCHONI
1366 703 1639 755 BRAHE
1666 702 2003 755 DOMINO
2031 702 2139 754 DE

745 783 1235 837 KNUDSTRUP
1262 782 1360 835 ET
1386 782 1990 844 VRANIENBURG‚
2519 800 2542 835 5

868 863 1139 917 AMICO
1167 863 1324 916 SUO
1354 863 1867 916 CHARISSIMO.

1123 941 1466 984 GENEROSE
1490 940 1617 985 VIR.
2503 940 2586 984 27r

405 1013 409 1076 ’,
602 1011 694 1089 Ὅ)
732 1015 890 1069 UAS
905 1016 980 1068 ad
994 1031 1089 1067 me
1105 1015 1177 1067 13.
1194 1015 1551 1067 Novembris
1570 1014 1767 1067 dedisti
1783 1014 1997 1075 literas.
2019 1014 2178 1080 quod
2198 1014 2472 1067 humani-

399 1091 458 1173 2}
469 1088 626 1202 (ἓξ
662 1086 694 1142 ’ῗ
730 1093 910 1171 tatem
926 1094 981 1139 et
996 1087 1390 1170 eruditionem
1403 1086 1571 1170 nulla
1584 1085 1670 1170 sui
1683 1093 1850 1169 parte
1867 1102 1991 1170 non
2007 1086 2304 1151 spirarent,
2325 1101 2472 1150 prae-

377 1192 384 1216 1
553 1192 623 1217 i
691 1212 693 1215 ,
733 1174 902 1223 cipue
922 1174 1065 1211 vero
1094 1158 1254 1222 quod
1280 1164 1365 1209 tu1
1391 1173 1652 1209 nommis
1678 1157 2114 1221 inscnptlonem
2139 1173 2263 1222 prae
2285 1157 2341 1209 se
2364 1157 2472 1209 fer·
2527 1174 2570 1209 10

429 1204 459 1231 ‘a
474 1207 481 1232 .
502 1198 558 1239 ''a'‘

436 1331 475 1359 <f
578 1344 580 1350 f
612 1287 698 1374 <Q
734 1304 971 1353 enimin
985 1301 1220 1353 Danica
1238 1316 1376 1352 mea
1394 1303 1799 1366 peregratione
1819 1299 1970 1352 nihil
1988 1306 2110 1352 tam
2131 1299 2476 1352 admirabile

573 1208 635 1292 J
695 1234 698 1260 '-
733 1237 878 1290 rent,
907 1230 1056 1281 mihi
1083 1236 1251 1289 certe,
1283 1236 1346 1281 ut
1373 1230 1581 1289 decuit,
1609 1230 2006 1293 acceptissimae
2032 1228 2286 1281 fuerunt.
2318 1228 2476 1281 Cum

691 1401 693 1403 ·
735 1372 1073 1424 excellentis
1099 1374 1316 1437 ingenij
1349 1374 1435 1423 tui
1464 1375 1612 1423 raris
1642 1372 1889 1432 dotibuS,
1920 1371 2070 1423 nihil
2097 1378 2219 1423 tam
2247 1378 2477 1437 gratum

270 1456 452 1508 quam
477 1440 808 1496 sanciendae
834 1451 1030 1496 tecum
1056 1446 1332 1495 amicitiae
1359 1443 1582 1495 occafio
1610 1445 1929 1508 contigerit,
1960 1459 2069 1495 nec
2095 1445 2389 1494 minorem
2415 1445 2478 1494 in

270 1513 670 1567 conservanda
685 1515 1083 1575 constantiam,
1101 1530 1283 1580 quam
1294 1517 1357 1566 in
1369 1514 1773 1566 contrahenda
1787 1516 2046 1566 amicitia
2059 1514 2478 1579 benignitatem
2531 1530 2573 1564 15

269 1593 436 1638 tuam
455 1601 527 1638 ex
545 1587 892 1638 amicissimis
912 1586 1093 1638 literis
1113 1586 1474 1651 perspiciam,
1496 1588 1559 1637 ni
1575 1592 1630 1637 et
1643 1593 1808 1638 tuam
1821 1588 2031 1638 merito
2045 1585 2479 1637 humanitatem

271 1656 590 1722 amplastar
606 1664 661 1710 et
674 1674 871 1710 meam
891 1660 954 1709 in
973 1658 1274 1710 scribendo
1294 1657 1726 1722 negligentiam,
1747 1664 1874 1709 tum
1892 1657 2280 1709 crebrioribus
2299 1656 2479 1708 literis

270 1736 397 1782 tum
417 1728 549 1795 alijs
570 1729 1030 1794 quibuscunque,
1053 1745 1188 1793 quae
1203 1744 1474 1780 mearum
1488 1731 1706 1780 virium
1720 1728 1849 1780 sunt
1864 1727 2089 1793 officijs,
2110 1728 2372 1787 sarciam,
2393 1730 2478 1779 in-

271 1807 468 1866 gratus
497 1800 730 1865 prorsus
761 1808 815 1852 et
844 1804 991 1852 tanti
1018 1803 1130 1852 viri
1158 1803 1416 1852 amicitia
1444 1801 1720 1865 indignus
1748 1802 1958 1851 merito
1989 1799 2238 1851 censear.
2273 1800 2480 1851 Literis

273 1875 452 1923 etiam
476 1874 591 1923 tuis
619 1870 958 1924 adiunctam
986 1871 1256 1937 effigiem,
1284 1874 1402 1922 oris
1428 1874 1513 1923 tui
1540 1872 1880 1936 dignitatem
1901 1877 1956 1922 et
1975 1877 2362 1935 temperatam
2383 1871 2478 1923 be·
2529 1886 2576 1921 20

272 1946 553 2008 nignitate
573 1946 935 2008 gravitatem,
963 1943 1249 1995 laudabili
1268 1942 1571 2007 sculptoris
1591 1942 1885 2002 industria,
1908 1943 1983 1994 ad
2003 1945 2207 1994 vivum
2227 1941 2478 1994 referen—

272 2022 407 2075 tem,
429 2015 589 2078 quod
605 2030 676 2067 ea
690 2015 894 2066 oculos
908 2017 1165 2079 imagine
1179 2014 1389 2079 pascat,
1412 2016 1580 2065 cuius
1594 2013 1810 2065 assidua
1823 2013 2229 2066 recordatione
2244 2016 2481 2066 animus

272 2085 671 2138 iucundissime
707 2085 974 2146 afficitur,
1013 2085 1416 2151 pretiofissimis
1453 2085 1778 2149 quibusque
1812 2084 2174 2145 muneribus
2212 2100 2347 2149 quae
2379 2085 2482 2136 tibi

273 2157 511 2209 fortuna
540 2156 767 2209 affatim
795 2157 1058 2222 suppetit,
1089 2157 1550 2222 praestantiorem
1580 2164 1732 2208 certe
1763 2156 2099 2208 existimavi.
2131 2157 2201 2208 Et
2230 2172 2379 2220 quos
2407 2156 2482 2207 ad

273 2228 432 2280 illius
447 2228 533 2292 (ut
548 2228 658 2292 ais)
674 2236 951 2281 ornatum
964 2228 1163 2280 versus
1178 2244 1214 2280 a
1227 2244 1322 2280 me
1337 2228 1538 2292 poscis,
1554 2228 1664 2280 hos
1681 2228 1920 2292 quidem
1937 2227 2151 2288 addidi,
2166 2243 2290 2280 non
2305 2227 2480 2292 quod,
2531 2243 2577 2277 25

276 2316 411 2364 quae
431 2303 517 2352 tui
536 2303 796 2352 nominis
816 2300 979 2352 fama
999 2300 1234 2352 abunde
1256 2300 1717 2360 commendetur,
1746 2299 1865 2352 alio
1895 2302 2104 2364 quovis
2132 2304 2483 2351 ornamento

274 2387 411 2424 mea
435 2371 720 2424 sententia
745 2372 1018 2436 indigeat,
1045 2371 1140 2423 sed
1168 2378 1232 2423 ut
1259 2387 1394 2435 quae
1414 2374 1698 2424 virtutum
1719 2377 1773 2422 et
1794 2369 2073 2423 doctrinae
2093 2377 2212 2422 tuae
2232 2386 2335 2435 per
2355 2372 2483 2422 uni·

276 2442 507 2495 versum
540 2444 745 2495 orbem
776 2442 986 2495 diffusa
1017 2443 1203 2507 gloria
1237 2442 1492 2508 effigiem
1523 2449 1688 2494 tuam
1718 2445 1781 2494 in
1811 2441 2088 2494 omnibus
2119 2442 2484 2494 literatorum

277 2517 549 2566 omnium
577 2514 945 2567 bibliothecis
974 2514 1283 2566 sublimem
1313 2514 1628 2574 constituet,
1659 2529 1795 2565 meo
1823 2516 2000 2565 etiam
2026 2516 2258 2565 nomini
2286 2513 2485 2565 locum

277 2586 539 2651 aliquem
558 2593 661 2638 tuo
682 2589 892 2638 merito
917 2585 1134 2637 ibidem
1161 2588 1439 2637 inveniat.
1468 2585 1545 2650 Ijs
1571 2587 1770 2649 itaque
1797 2592 1977 2645 utere,
2004 2601 2128 2636 non
2156 2585 2395 2649 quidem
2422 2590 2485 2636 ut
2534 2599 2580 2635 30

278 2658 438 2722 digni
463 2657 608 2718 sunt,
636 2657 732 2709 sed
751 2665 816 2709 ut
835 2657 1028 2709 nostra
1048 2659 1307 2709 amicitia
1328 2663 1382 2709 et
1402 2663 1505 2708 tuo
1524 2657 1743 2709 iudicio
1765 2656 2008 2721 dignum
2028 2655 2334 2708 videbitur.
2363 2655 2485 2721 Ego

277 2732 510 2793 pariter,
532 2745 667 2793 quae
683 2745 720 2781 a
733 2735 788 2781 te
804 2729 1070 2780 Domino
1088 2728 1339 2781 PETRO
1355 2728 1588 2780 IUNIO
1609 2729 1892 2780 mandata
1911 2727 2056 2789 sunt,
2078 2727 2183 2779 nifi
2202 2725 2486 2780 hac'tenus

279 2800 353 2852 ab
375 2816 446 2852 eo
472 2798 678 2852 effecta
703 2800 849 2861 sunt,
879 2803 1323 2864 quamprimum
1348 2799 1505 2851 illius
1531 2800 1922 2851 conveniendi
1944 2798 2167 2851 occafio
2186 2798 2300 2850 sese
2322 2798 2485 2850 obtu-

278 2871 423 2932 lerit,
453 2887 524 2923 ea
551 2887 670 2936 qua
696 2871 859 2924 decet
884 2871 1000 2923 fide
1029 2878 1084 2923 et
1110 2871 1411 2936 diligentia
1435 2871 1742 2935 praestabo:
1770 2870 2048 2935 quodque
2070 2870 2141 2923 de
2164 2870 2486 2922 hortulano

281 2950 336 2994 et
368 2958 597 3006 aucupe
631 2943 706 2995 ad
738 2959 834 2995 me
866 2942 1079 3003 scribiS,
1114 2941 1385 2995 effec'tum
1416 2943 1580 2994 brevi
1614 2941 1849 2994 curabo,
1883 2942 2064 2993 Porro
2097 2940 2486 2993 IOANNEM
2536 2956 2582 2990 35

282 3013 692 3066 CRAIGIUM
713 3015 1011 3066 medicum
1031 3013 1545 3078 Edinburgensem,
1574 3029 1753 3078 quem
1778 3013 1926 3064 mihi
1953 3020 2073 3064 tam
2096 3012 2399 3077 diligenter
2419 3026 2488 3063 ac

281 3084 522 3136 studiose
539 3085 936 3145 commendas
961 3086 1035 3137 ob
1055 3086 1406 3150 probitatem
1421 3091 1475 3137 et
1490 3085 1881 3137 eruditionem
1897 3091 2072 3136 antea
2087 3084 2326 3148 quidem
2340 3082 2488 3135 mihi

281 3155 506 3220 semper
521 3156 785 3218 charum,
801 3173 960 3208 nunc
974 3164 1077 3208 tua
1091 3156 1265 3209 causa
1279 3156 1466 3208 multo
1483 3155 1815 3208 chariorem
1829 3155 2033 3207 censeo
2049 3171 2117 3207 ac
2132 3155 2275 3207 dum
2288 3157 2487 3206 vivam

284 3226 549 3278 censebo:
580 3231 681 3291 qui
707 3244 843 3279 cum
863 3231 1122 3280 veritatis
1150 3228 1429 3279 eruendae
1456 3227 1640 3279 studio
1662 3243 1731 3279 ac
1751 3227 1990 3279 fortassis
2010 3233 2073 3278 ut
2092 3233 2147 3278 te
2167 3226 2289 3290 ipso
2315 3228 2487 3278 inter·

283 3304 443 3361 prete
464 3297 805 3361 scriptorum
821 3305 1061 3350 tuorum
1075 3299 1448 3351 subtilitatem
1462 3298 1562 3349 fibi
1577 3314 1700 3350 non
1714 3301 1877 3363 prius
1891 3296 2245 3349 intellectam
2258 3296 2489 3349 facilius
2537 3312 2584 3347 40

285 3369 687 3432 assequeretur,
709 3369 1004 3422 filentibus
1025 3373 1147 3421 imo
1165 3385 1308 3421 vero
1330 3385 1465 3422 cum
1485 3370 1875 3422 admiratione
1896 3376 1999 3421 tua
2019 3372 2259 3420 inventa
2279 3383 2487 3432 appro-

2214 3439 2489 3491 bantibus
