2644 4030
228 297 320 347 146
759 292 1197 345 EPISTOLAE
1222 291 1894 344 ASTRONOMICAE

227 438 407 488 Porro
424 434 583 499 quod
597 450 634 486 a
647 449 743 486 me
757 436 820 486 in
833 433 1121 498 plerisque
1142 433 1443 492 dissentias,
1464 447 1589 484 non
1608 431 1734 485 fero
1753 432 2005 494 moleste,
2025 435 2110 485 mi
2122 432 2421 495 TYCHO‚

227 522 419 571 neque
446 506 547 557 tibi
573 511 883 570 propterea
910 503 1232 564 succense0,
1261 506 1383 556 imo
1412 506 1626 569 gratias
1655 519 1767 569 ago
1795 506 2104 565 maximas,
2135 505 2295 569 quod
2319 511 2423 557 tuo

226 576 512 630 beneficio
538 574 723 628 fac'tus
748 575 852 627 fim
879 575 1175 635 eruditior,
1203 580 1259 626 et
1276 577 1492 626 veritas
1518 575 1622 627 abs
1645 580 1701 628 te
1724 575 1924 628 asserta
1944 574 2036 636 est,
2063 577 2302 640 iamque
2328 578 2422 628 tri-

226 648 489 713 umphat.
517 647 576 698 N
580 663 660 698 on
678 646 826 698 mihi
848 662 984 699 mea
1006 649 1088 698 ita
1112 645 1360 711 placent,
1388 661 1497 698 nec
1522 661 1689 698 meos
1714 652 1918 711 partus
1943 648 2025 698 ita
2050 646 2244 711 dilig0‚
2271 653 2334 698 ut
2360 649 2423 698 in

226 720 339 771 illis
360 725 414 770 et
436 724 626 770 errata
646 724 701 769 et
720 732 905 769 nevos
931 717 1163 782 aliquos
1189 732 1313 768 non
1338 716 1666 783 agnoscam,
1697 723 1752 769 et
1778 732 1914 769 cum
1939 718 2140 782 possint
2165 716 2421 782 abstergi,

225 789 635 853 venustiorque
654 788 847 840 forma
866 789 1082 848 induci,
1110 788 1416 840 admittere
1436 788 1640 840 nolim.
1668 787 2240 841 SCULTETICUM
2265 790 2422 853 inge-

225 864 393 913 nium
412 860 559 911 mihi
579 875 704 911 non
724 859 815 920 est,
837 862 939 923 qui
959 859 1119 924 quod
1133 859 1456 924 aliquando
1472 859 1719 912 candide
1732 874 1931 911 meam
1945 859 2016 911 de
2032 861 2158 911 eius
2174 859 2425 912 Cometa

224 934 388 985 Anni
408 933 476 984 77
498 937 552 982 et
572 931 644 982 de
666 930 1002 996 Calendarij
1026 930 1113 982 sui
1139 930 1394 982 editione
1422 930 1765 983 sententiam
1790 930 2042 991 tulerim,
2070 936 2125 982 et
2150 930 2311 996 quod
2335 933 2423 982 ni-

224 1007 413 1055 mium
441 1003 724 1067 Papissare
755 1007 810 1054 et
838 1017 974 1053 cum
1003 1001 1225 1053 Iesuitis
1255 1001 1551 1054 colludere
1579 1001 1891 1063 videretur,
1925 1001 2131 1054 odium
2163 1016 2300 1067 erga
2326 1005 2431 1054 me'

226 1076 505 1139 concepit,
534 1079 589 1124 et
606 1079 733 1125 tum
753 1076 816 1124 in
834 1072 1015 1125 literis
1035 1072 1111 1125 ad
1131 1075 1354 1125 amicos
1373 1072 1714 1138 perscriptiS‚
1739 1079 1867 1125 tum
1886 1076 1950 1125 in
1969 1072 2085 1125 suis
2104 1072 2218 1125 istis
2237 1087 2419 1139 nuga-

226 1147 447 1197 cissimis
476 1144 846 1209 Calendarijs
871 1143 1175 1209 suggillare
1200 1159 1326 1196 non
1352 1144 1570 1205 destitit,
1599 1143 1788 1197 donec
1814 1143 1900 1196 illi
1924 1143 2232 1209 significari
2256 1159 2423 1196 man-

226 1217 451 1278 dassem,
479 1215 698 1268 definat
723 1231 819 1268 me
845 1215 1125 1276 lacessere‚
1153 1214 1422 1280 alioquin
1448 1215 1784 1268 clausurum
1807 1231 1904 1267 me
1929 1214 2034 1281 ipfi
2059 1230 2142 1267 os,
2170 1215 2263 1268 Sic
2287 1230 2425 1269 mea

226 1291 418 1340 amica
447 1285 936 1339 commonefac'tio
965 1289 1029 1338 in
1058 1288 1263 1339 odium
1293 1292 1348 1339 et
1375 1286 1726 1340 simultatem
1757 1289 1961 1351 erupit.
1995 1286 2122 1339 Iam
2149 1301 2292 1340 vero
2323 1285 2434 1341 fibi

224 1366 510 1424 temperat
531 1365 586 1410 et
604 1358 764 1423 sapit.
792 1358 1001 1423 Nuper
1021 1361 1181 1410 enim
1200 1373 1305 1424 per
1322 1373 1527 1410 meum
1546 1357 1738 1410 filium
1757 1373 1853 1410 me
1873 1357 2094 1411 salvere
2114 1358 2274 1411 iussit.
2301 1357 2424 1423 Ego

224 1432 459 1483 vicissim
479 1430 632 1483 dabo
653 1445 913 1494 operam,
934 1435 999 1481 ut
1019 1436 1074 1481 et
1092 1429 1451 1482 benevolum
1469 1444 1673 1482 meum
1694 1445 1832 1494 erga
1843 1429 1899 1482 se
1914 1432 2201 1490 animum,
2223 1434 2278 1482 et
2297 1428 2423 1482 red-

225 1502 586 1567 integrandae
602 1516 737 1552 cum
749 1500 871 1566 ipso
886 1503 1160 1553 amicitiae
1172 1500 1595 1565 cupidissimum
1611 1501 1714 1553 esse
1727 1500 1955 1566 liquido
1970 1500 2256 1566 agnoscat.
2272 1499 2424 1552 Haec

226 1574 359 1625 ideo
381 1587 800 1633 commemor0,
821 1578 886 1624 ut
903 1587 1107 1624 meum
1127 1574 1397 1624 animum
1416 1571 1593 1637 plane
1614 1572 1942 1637 cognoscas,

299 1645 455 1696 Meis
483 1643 736 1708 lapfibus
765 1646 1012 1695 omnino
1041 1646 1398 1708 patrocinari
1426 1659 1536 1695 nec
1563 1644 1801 1707 possum,
1832 1659 1942 1696 nec
1972 1643 2175 1696 debe0.
2208 1643 2298 1696 Ac
2327 1641 2425 1695 etsi

228 1721 431 1768 contra
458 1723 590 1767 tuas
620 1714 983 1766 defensiones
1011 1730 1119 1779 pro
1148 1714 1587 1767 MAESTLINO
1618 1714 1842 1779 aliquid
1872 1715 1985 1767 dici
2015 1715 2191 1779 possit,
2223 1720 2425 1769 tamen

226 1793 328 1839 tuo
354 1786 572 1838 iudicio
602 1801 929 1851 repugnare
957 1785 1116 1846 nolo,
1145 1792 1272 1837 tum
1302 1788 1479 1838 etiam
1509 1786 1669 1850 quod
1696 1785 2208 1838 MAESTLINUM
2235 1784 2310 1838 ob
2336 1787 2422 1837 in-

226 1858 443 1923 signem
471 1860 742 1921 peritiam
771 1856 1211 1909 Mathematum
1238 1856 1483 1909 mirifice
1513 1857 1707 1922 dilig0‚
1739 1862 2087 1922 tantumque
2118 1856 2328 1916 tribuo,
2361 1862 2425 1910 ut

227 1930 417 1981 dicere
438 1928 638 1989 ausim,
659 1928 755 1979 sed
775 1927 990 1992 absque
1011 1928 1268 1980 aliorum
1287 1928 1526 1989 invidia,
1546 1927 1773 1980 scholas
1795 1927 2202 1988 Germanica&
2229 1926 2423 1985 PRAE-

225 1999 466 2052 TORIO
488 2002 665 2051 unico
687 2005 946 2063 except0,
966 2014 1171 2063 parem
1191 1998 1293 2063 ipsi
1312 1998 1531 2052 habere
1546 2001 1864 2051 neminem.
1886 1999 2023 2051 Hoc
2036 2005 2267 2053 tantum
2281 1998 2424 2064 adij-

227 2074 333 2131 ci0,
360 2071 520 2123 bona
544 2078 648 2122 tua
674 2076 728 2121 et
754 2069 1163 2122 MAESTLINI
1188 2085 1350 2134 pace,
1377 2070 1449 2122 de
1475 2073 1703 2124 ratione
1725 2076 1999 2122 motuum
2019 2069 2422 2130 Cometarum,

227 2142 385 2207 quod
405 2142 783 2194 Planetarum
801 2142 937 2193 ideo
958 2147 1130 2194 certae
1156 2139 1506 2207 hypotheses
1528 2141 1658 2194 sunt
1684 2141 2020 2202 constitutae,
2048 2143 2190 2206 quia
2215 2156 2423 2195 eorum

225 2220 421 2265 motus
449 2215 656 2278 integri
685 2208 706 2280 ΙΙ
735 2218 1005 2277 poterant
1033 2212 1440 2274 animadverti,
1474 2212 1776 2277 quomodo
1807 2215 1949 2264 item
1977 2212 2321 2266 accederent
2348 2211 2425 2267 ad

226 2285 424 2337 Solem
451 2291 553 2337 aut
579 2284 652 2336 ab
680 2299 751 2336 eo
777 2284 1235 2349 regrederentur.
1262 2284 1342 2336 At
1363 2283 1630 2336 Cometae
1651 2299 1775 2336 non
1794 2283 2102 2337 absolvunt
2120 2283 2253 2337 suas
2274 2286 2423 2349 peri·

227 2357 388 2417 odOS,
413 2371 607 2420 neque
629 2361 784 2407 certa
803 2355 929 2420 lege
950 2355 1236 2408 accedunt
1255 2355 1332 2408 ad
1352 2354 1567 2416 Solem,
1590 2361 1644 2407 et
1664 2355 1944 2408 recedunt
1963 2354 2038 2407 ab
2059 2355 2286 2409 eodem.
2314 2355 2423 2410 Ita-

227 2443 341 2491 que
370 2442 494 2479 non
518 2427 748 2479 videtur
776 2426 1030 2491 possibile
1058 2432 1255 2479 motus
1285 2441 1492 2478 eorum
1523 2428 1815 2479 rationem
1844 2426 2136 2491 explicare
2163 2432 2219 2479 et
2242 2425 2425 2479 veluti

225 2501 445 2550 vincire
466 2500 634 2550 certis
653 2498 894 2563 legibus,
915 2497 1231 2550 Pulchram
1252 2498 1492 2563 quidem
1513 2503 1568 2549 et
1587 2497 1971 2563 ingenuosam
1989 2497 2147 2550 fuisse
2166 2496 2422 2562 specula-

225 2572 448 2621 tionem
463 2568 871 2621 MAESTLINI
885 2568 1189 2634 praedicas,
1212 2575 1267 2621 et
1288 2584 1395 2634 ego
1410 2570 1690 2622 assentior.
1712 2568 1827 2621 Sed
1839 2567 2215 2633 pulchritudo
2231 2575 2285 2621 et
2298 2567 2424 2622 sub-

225 2641 400 2693 tilitas
419 2643 666 2700 veritati,
686 2642 885 2692 virtuti
905 2643 968 2692 in
987 2639 1101 2692 hac
1121 2640 1492 2692 universitate
1514 2642 1786 2692 omnium
1805 2639 2236 2704 pulcherrimae,
2264 2645 2424 2693 ante-

225 2711 467 2765 ferenda
486 2727 610 2764 non
630 2711 720 2772 est,
743 2727 926 2776 quam
944 2713 1251 2764 veritatem
1269 2726 1379 2763 nec
1399 2710 1912 2764 MAESTLINUM
1931 2726 2041 2763 nec
2061 2725 2424 2776 quemquam

226 2783 411 2835 alium
431 2786 494 2834 in
512 2782 771 2835 Theoria
792 2782 1178 2834 Cometarum
1203 2782 1397 2847 plane,
1425 2782 1727 2847 quomodo
1754 2781 2010 2834 aliorum
2028 2782 2423 2842 Planetarum‚

225 2854 398 2905 video
421 2855 523 2906 esse
544 2855 923 2918 assequutum.
945 2853 1269 2906 Tendimus
1290 2853 1530 2918 quidem
1551 2868 1623 2905 eo
1644 2868 1868 2913 omneS,
1894 2855 2154 2905 maxime
2174 2868 2316 2905 vero
2342 2858 2422 2914 tu,

228 2927 329 2988 qui
350 2941 421 2976 ex
441 2925 682 2989 professo
703 2928 825 2977 iam
843 2923 1054 2979 trad'tas
1074 2924 1188 2977 hoc
1208 2930 1640 2990 argumentum,
1669 2930 1723 2977 et
1746 2927 1868 2976 iam
1889 2939 1962 2975 ex
1980 2923 2150 2984 hisce,
2172 2938 2308 2988 quae
2326 2938 2423 2977 ve-

226 2996 333 3046 luti
358 2995 745 3048 fundamenta
769 2995 951 3048 futuri
977 2995 1207 3061 aedificij
1236 2995 1420 3060 pofita
1440 2996 1543 3047 esse
1562 2996 1753 3057 vide0,
1779 2994 1968 3047 multa
1991 2993 2250 3059 profecto
2275 2993 2424 3049 mihi

228 3066 299 3118 de
319 3073 373 3118 te
394 3066 691 3130 polliceor,
714 3073 767 3119 et
782 3066 982 3119 Deum
997 3082 1102 3119 oro
1117 3074 1181 3120 ut
1198 3067 1273 3119 ad
1290 3066 1420 3119 haec
1435 3067 1551 3119 Dei
1571 3082 1753 3131 opera
1771 3065 2067 3119 mirabilia
2086 3065 2425 3119 illustranda

227 3137 470 3201 longum
500 3136 633 3189 satis
666 3137 1023 3190 curriculum
1054 3140 1191 3190 vitae
1225 3138 1544 3190 concedere
1578 3138 1861 3203 dignetur.
1894 3137 2076 3189 Porro
2104 3139 2167 3190 in
2197 3136 2423 3191 calculo

229 3207 652 3269 MAESTLINI,
674 3224 852 3272 quem
871 3218 936 3261 tu
955 3209 1227 3273 sequeris,
1247 3215 1303 3261 te
1325 3209 1832 3261 commonefacere
1851 3207 2032 3269 volui,
2053 3215 2117 3262 ut
2135 3207 2421 3273 inspiciaS,

228 3294 307 3330 an
336 3278 433 3329 ille
463 3281 525 3330 in
553 3282 815 3331 numeris
844 3280 1060 3332 alicubi
1091 3280 1286 3344 lapsus
1314 3279 1394 3341 fit,
1427 3296 1507 3333 an
1534 3295 1675 3332 vero
1708 3295 1819 3332 nos
1850 3278 2142 3340 fallamur,
2174 3281 2315 3334 item
2343 3293 2424 3333 an

229 3365 300 3401 ea
326 3348 653 3402 differentia
678 3349 1001 3403 notabilem
1023 3353 1085 3403 in
1107 3350 1479 3415 sequentibus
1500 3366 1760 3403 errorem
1778 3352 1990 3415 pariat.
2011 3349 2248 3472 Inspexli¹
2258 3363 2423 3404 meas

2175 3435 2204 3472 c
2250 3426 2422 3479 artas,

2475 1088 2518 1124 10

2476 1444 2519 1479 1⁵

2473 2867 2520 2903 35

2471 3222 2518 3257 40
