2664 4030
259 318 328 370 96
791 311 1228 366 EPISTOLAE
1253 309 1924 365 ASTRONOMICAE

257 457 555 511 sumserim
584 455 891 520 impensas,
921 462 1047 507 tum
1077 456 1255 506 etiam
1281 469 1405 505 non
1429 455 1690 505 minores
1716 455 1779 504 in
1806 453 2088 519 Operum,
2119 468 2255 518 quae
2285 469 2455 507 excu-

259 528 452 581 denda
470 529 733 588 veniunt,
757 532 1109 591 apparatum
1128 527 1519 589 requirantur,
1546 523 1864 588 praesertim
1883 527 1947 577 in
1966 524 2058 576 his
2078 524 2456 577 Mathemati-

259 603 339 652 cis
353 599 543 659 rebuS,
556 613 692 663 quae
702 597 821 650 fine
833 598 1157 663 figurarum
1167 595 1475 659 multiplici
1487 595 1881 648 delineatione
1891 595 2216 648 sumtuosos
2226 595 2458 648 labores

258 672 607 735 requirente,
634 684 1017 734 nequaquam
1044 667 1242 719 dextre
1268 666 1482 718 institui
1509 673 1733 731 queunt
1760 667 1956 733 (prout
1980 667 2110 720 haec
2135 669 2338 720 omnia
2356 667 2459 720 tibi

257 741 360 806 ipfi
386 741 536 794 adeo
562 737 857 805 perspedta
882 739 1027 800 sunt,
1054 744 1118 790 ut
1143 738 1322 803 longa
1347 753 1471 790 non
1495 737 1794 803 indigeant
1815 737 2209 803 probatione):
2237 738 2457 791 Idcirco
2507 755 2529 789 ⁵

258 828 333 865 ne
353 819 436 865 tot
455 812 676 864 sumtus
698 817 753 863 et
770 810 1003 863 labores
1024 825 1159 861 cum
1179 809 1480 874 dispendio
1500 825 1772 861 mearum
1790 825 1990 862 rerum
2006 813 2069 862 in
2085 812 2171 862 rei
2183 809 2458 862 literariae

257 886 505 950 gratiam
529 883 806 935 incassum
824 881 1055 941 faciam,
1077 880 1118 931 fi
1136 880 1284 932 forte
1306 895 1442 945 quae
1461 879 1559 932 hic
1578 883 1726 933 meis
1745 880 1924 947 Typis
1944 882 2208 947 impressa
2226 881 2459 942 fuerint,

257 958 320 1007 in
348 955 677 1008 Germania
701 952 796 1005 vel
822 952 962 1005 alibi
989 950 1287 1004 confestim
1311 952 1684 1013 recudantur,
1710 967 1814 1017 per
1839 953 2180 1005 Amicitiam
2205 951 2461 1004 nostram

257 1034 312 1078 te
333 1032 603 1091 rogatum
622 1024 817 1085 velim,
838 1031 902 1076 ut
916 1039 953 1076 a
968 1023 1240 1076 Caesarea
1254 1023 1559 1075 Maiestate
1579 1022 1729 1075 mihi
1747 1023 1843 1075 vel
1861 1039 1965 1089 per
1984 1023 2350 1089 temetipsum
2365 1022 2462 1075 vel

257 1113 361 1162 per
389 1097 555 1157 aliOS,
585 1095 961 1160 Privilegium
989 1101 1184 1147 ratum
1212 1097 1504 1159 impetreS‚
1534 1100 1599 1146 ut
1625 1097 1779 1147 intra
1809 1095 2163 1147 decennium
2192 1095 2372 1148 libros
2396 1097 2460 1146 in
2512 1109 2556 1145 10

258 1168 632 1221 Astronomia
653 1173 707 1219 et
726 1166 956 1231 reliqua
971 1166 1400 1219 Mathematica
1418 1165 1656 1218 scientia
1675 1182 1712 1218 a
1730 1181 1826 1218 me
1847 1166 2178 1219 elaboratos
2197 1165 2460 1232 typisque

257 1241 508 1306 proprijs
536 1242 599 1291 in
627 1238 741 1291 hac
769 1253 905 1290 mea
934 1237 1191 1291 Officina
1219 1237 1653 1302 Uraniburgica
1681 1237 1938 1299 excusOS‚
1967 1240 2030 1289 in
2058 1237 2195 1290 ullis
2223 1237 2457 1302 Imperij

258 1311 401 1364 locis
422 1309 712 1363 Caesareae
732 1304 1072 1377 Maiesta-ssti
1091 1307 1371 1370 subiedtiS,
1396 1309 1594 1361 denuo
1615 1311 1951 1374 imprimere
1971 1308 2067 1361 vel
2085 1308 2385 1374 publicare
2406 1313 2461 1360 et
2503 1315 2562 1360 3ν

259 1382 590 1443 divendere,
622 1381 724 1434 sub
755 1387 911 1433 certa
941 1379 1161 1433 mulcta
1189 1386 1244 1432 et
1273 1381 1569 1432 amissione
1599 1380 2046 1446 exemplarium,
2078 1394 2461 1445 nequaquam

258 1453 445 1507 liceat.
474 1452 716 1506 Cavebo
742 1453 993 1513 vicissim‚
1021 1467 1096 1503 ne
1123 1452 1256 1504 libri
1282 1467 1319 1504 a
1344 1467 1440 1503 me
1466 1451 1807 1516 publicandi
1833 1452 2154 1517 quidpiam,
2181 1451 2342 1517 quod
2366 1449 2463 1503 vel
2514 1465 2566 1511 ιε,

259 1525 598 1591 Relligionis
630 1523 1049 1589 controverfijS‚
1076 1523 1171 1575 vel
1193 1522 1550 1588 Reipublicae
1584 1523 1976 1576 constitutioni
2008 1522 2316 1576 offensioni
2346 1522 2461 1583 fiet,

259 1596 384 1649 ullo
409 1599 473 1648 in
497 1596 629 1648 loco
657 1598 1010 1647 contineant.
1039 1595 1108 1646 Et
1127 1594 1168 1646 fi
1189 1594 1330 1659 quid
1349 1594 1471 1659 ipsa
1492 1594 1765 1648 Caesarea
1787 1594 2064 1648 Maiestas
2089 1595 2323 1647 vicissim
2348 1593 2463 1646 hoc

259 1670 503 1720 nomine
517 1683 554 1720 a
567 1682 663 1719 me
676 1666 1069 1731 praeltandum
1082 1665 1471 1730 postulaverit,
1492 1665 1667 1730 ipfius
1682 1666 1974 1719 Maiestati
1986 1681 2186 1719 meam
2200 1665 2463 1731 Operam

261 1746 317 1791 et
336 1738 681 1803 obsequium
700 1737 1001 1790 humiliter
1021 1736 1236 1789 defer0.
1258 1737 1549 1789 Praeterea
1567 1737 1609 1789 fi
1629 1740 1731 1802 qui
1750 1737 1973 1790 sumtus
1989 1740 2053 1789 in
2070 1753 2189 1799 eOS,
2211 1739 2313 1802 qui
2332 1736 2463 1789 haec

261 1827 334 1863 ex
352 1809 600 1863 Caesaris
618 1810 849 1861 decreto
868 1809 1278 1873 exsequuntur,
1298 1808 1831 1874 conscribendoque
1846 1809 2155 1875 Privilegio
2170 1823 2461 1873 occupan-
2511 1821 2559 1857 20

259 1888 369 1942 tur,
392 1881 672 1946 erogandi
691 1883 953 1941 veniunt,
975 1882 1418 1944 quamprimum
1437 1895 1542 1945 per
1561 1886 1616 1932 te
1637 1880 1709 1932 de
1729 1880 1822 1932 his
1843 1883 2052 1932 certior
2071 1877 2257 1933 factus
2275 1878 2461 1939 fuer0,

259 1952 469 2005 lubens
495 1955 699 2004 omnia
725 1967 860 2016 quae
886 1953 1266 2016 requiruntur
1291 1954 1536 2003 mittam.
1556 1950 1755 2003 Tuum
1774 1954 1973 2016 itaque
1994 1954 2117 2012 erit,
2145 1950 2463 2003 charissime

259 2023 639 2084 THADAEE,
667 2038 909 2075 omnem
934 2037 1174 2074 movere
1200 2021 1475 2087 lapidem,
1503 2029 1567 2074 ut
1592 2022 1968 2088 Privilegium
1993 2021 2108 2075 hoc
2130 2038 2168 2075 a
2191 2021 2465 2075 Caesarea

260 2094 564 2147 Maiestate
590 2097 782 2159 primo
809 2109 1047 2159 quoque
1073 2100 1337 2158 tempore
1365 2094 1682 2146 obtineam.
1711 2094 2008 2159 Cuperem
2033 2097 2193 2146 enim
2214 2092 2465 2159 idipsum

261 2169 424 2232 operi
455 2181 608 2226 me0‚
642 2166 802 2230 quod
831 2165 903 2218 de
931 2167 1103 2217 novis
1132 2164 1408 2217 aethereae
1438 2165 1711 2231 Regionis
1742 2164 2244 2218 Generationibus
2272 2163 2464 2217 nostro
2513 2178 2560 2213 25

261 2254 393 2290 aevo
420 2235 735 2303 conspectis
761 2236 1029 2302 inscripfi,
1058 2242 1113 2288 et
1138 2239 1410 2288 omnium
1435 2239 1627 2301 primo
1656 2239 1807 2303 typis
1838 2237 2010 2290 edere
2039 2237 2287 2298 decrevi,
2316 2251 2464 2302 prae-

260 2308 453 2375 figere,
481 2315 545 2361 ut
571 2324 642 2361 eo
668 2310 849 2361 tutius
874 2324 978 2374 per
1004 2309 1399 2360 Autoritatem
1427 2308 1830 2361 Caesarianam
1855 2308 2059 2361 noltris
2084 2308 2384 2361 laboribus
2411 2312 2466 2359 et

260 2380 542 2433 sumtibus
569 2379 918 2432 consulatur.
948 2379 1086 2443 Qua
1112 2385 1312 2432 autem
1338 2379 1532 2432 forma
1558 2386 1613 2432 et
1639 2380 1852 2445 quibus
1875 2380 2067 2433 verbis
2089 2379 2466 2445 Privilegium

261 2452 375 2504 hoc
401 2454 620 2517 optime
647 2451 1068 2517 comprehendi
1089 2458 1282 2516 queat,
1309 2457 1428 2503 tuae
1448 2451 1742 2517 sagacitati
1760 2451 1936 2504 latius
1955 2451 2341 2504 indicandum
2359 2449 2463 2503 dis-

260 2523 724 2588 ponendumque
750 2522 1039 2588 relinquo.
1067 2523 1194 2574 Nec
1216 2522 1417 2575 dubito
1439 2525 1583 2587 quin
1603 2538 1755 2575 meae
1776 2523 1847 2576 de
1867 2530 1922 2575 te
1944 2521 2333 2588 expectationi
2352 2521 2465 2574 hac
2513 2533 2561 2570 30

260 2597 325 2646 in
355 2601 519 2660 parte
550 2594 752 2647 sedulo
783 2594 853 2646 fis
885 2592 1288 2647 satisfacturus
1322 2594 1403 2646 Ut
1430 2610 1572 2646 vero
1602 2593 1907 2660 Typorum
1938 2594 2282 2655 nostrorum,
2316 2607 2490 2659 quos.

261 2664 546 2719 hactenus
573 2665 911 2731 conquisivi,
940 2664 1337 2718 characterem
1362 2665 1689 2730 perspicias,
1717 2668 1883 2718 mitto
1910 2666 2013 2718 tibi
2040 2665 2317 2731 quaedam
2344 2680 2464 2717 car-

262 2739 442 2799 mina,
469 2740 763 2803 praeterita
788 2737 1002 2803 hyeme
1028 2737 1333 2789 recreandi
1359 2752 1396 2789 a
1420 2736 1731 2789 serioribus
1756 2736 1952 2803 ltudijs
1979 2739 2164 2790 animi
2186 2738 2371 2802 gratia
2390 2735 2466 2788 ad

264 2808 551 2873 quosdam
567 2808 814 2861 Nobiles
841 2815 896 2861 et
923 2809 1181 2861 eruditos
1207 2810 1430 2860 amicos
1458 2814 1714 2868 exarata,
1743 2814 1798 2860 et
1823 2824 1899 2860 ne
1918 2807 2069 2874 Typi
2093 2814 2148 2860 et
2169 2806 2465 2874 Typogra-

262 2879 417 2944 phus
443 2880 518 2932 ob
545 2880 758 2946 Papyri
783 2882 1049 2944 inopiam
1075 2879 1309 2944 prorsus
1334 2878 1626 2940 feriarent,
1653 2882 1716 2931 in
1742 2879 1934 2931 nostra
1954 2878 2213 2932 Officina
2238 2877 2562 2934 excusa.·1·3⁵

263 2951 482 3003 Addidi
511 2953 688 3003 etiam
718 2950 947 3017 aedificij
980 2951 1156 3003 nostri
1184 2953 1247 3002 in
1275 2950 1388 3002 hac
1416 2950 1606 3003 insula
1631 2950 2021 3003 Astronomiae
2050 2949 2266 3002 honori
2296 2956 2351 3002 et
2378 2964 2465 3001 re-

263 3021 603 3074 staurationi
623 3022 911 3074 sumtuose
933 3020 1176 3075 extructi
1196 3021 1620 3087 designationes
1641 3022 1882 3087 aliquot,
1909 3028 1973 3074 ut
1998 3021 2100 3074 tibi
2123 3020 2343 3074 absenti
2362 3019 2465 3074 ali-

265 3107 385 3157 quo
405 3093 585 3145 modo
606 3093 763 3145 aedes
783 3092 953 3145 hasce
974 3094 1221 3146 Uraniae
1243 3093 1361 3157 (cui
1382 3100 1437 3145 et
1456 3099 1519 3145 tu
1539 3093 1613 3146 ab
1634 3096 1875 3145 ineunte
1896 3099 2068 3145 aetate
2090 3092 2251 3145 sacra
2276 3090 2465 3155 litasti)

265 3162 501 3224 dicataS,
523 3165 737 3216 intueri
756 3163 942 3216 liceat.
966 3165 1254 3217 Omnium
1275 3180 1513 3229 quoque
1531 3167 1595 3216 in
1607 3163 1761 3217 hisce
1776 3170 2187 3217 contentorum
2201 3163 2464 3229 Organo-
2514 3164 2543 3209 ἦ·

265 3249 400 3286 rum
430 3234 975 3287 Astronomicorum
1007 3235 1463 3287 delineationem
1497 3238 1620 3288 una
1651 3235 1926 3297 mifissem‚
1962 3235 2058 3288 sed
2089 3235 2359 3287 nondum
2390 3233 2464 3286 ob
2514 3247 2561 3283 40

265 3305 567 3370 sculptoris
581 3308 700 3357 mei
714 3308 776 3357 in
792 3305 1182 3359 Germaniam
1196 3301 1217 3374 ΙΙ
1232 3306 1473 3367 abitum,
1496 3322 1703 3359 eorum
1720 3306 1925 3373 figurae
1939 3309 2172 3372 penitus
2186 3305 2465 3358 absolutae
2510 3312 2561 3356 4r

265 3375 410 3429 sunt.
436 3376 724 3429 Binorum
743 3376 944 3429 saltem
965 3377 1487 3429 Instrumentorum
1507 3376 1795 3442 pieturam
1814 3380 1996 3439 mitte,
2019 3392 2274 3442 quorum
2293 3374 2464 3429 fabri-

2335 3461 2464 3499 cam
