2664 4030
270 309 339 361 86
804 306 1242 360 EPISTOLAE
1267 307 1937 361 ASTRONOMICAE

271 465 389 515 quo
406 455 637 501 tantum
650 464 991 514 percurram
1003 448 1159 502 hanc
1174 450 1648 516 Hypotypofium
1661 449 2118 512 translationem,
2138 452 2469 505 remissurus

270 535 451 585 quam
476 522 751 584 primum.
779 520 956 573 Mitto
976 520 1396 574 IOSEPHUM
1417 521 1941 575 SCALIGERUM
1962 522 2034 574 de
2056 523 2468 576 emendatione

269 599 603 655 temporum
623 597 679 644 et
698 591 1105 645 MAESTLINI
1128 592 1201 644 de
1225 592 1639 645 emendatione
1661 592 2018 659 Calendarij.
2047 593 2468 647 MAUROLY-

270 662 453 715 CUM
474 661 589 715 hoc
607 669 888 728 tempore,
909 669 973 715 ut
992 678 1187 728 neque
1203 663 1748 729 Gratiopolitanum
1761 664 2035 729 consequi
2049 667 2231 729 potui.
2252 664 2314 718 Si
2328 666 2469 730 quid

267 737 331 785 in
349 733 642 798 posterum
662 733 978 795 nanciscar,
1000 734 1076 786 ad
1095 740 1151 786 te
1167 737 1412 787 mittam.
1435 734 1613 799 Quod
1626 735 1668 787 fi
1680 735 1826 788 velis
1839 738 2002 801 prius
2015 735 2118 788 tibi
2132 738 2330 802 precia
2341 752 2468 802 per·
2517 755 2540 790 5

267 805 448 865 scribi,
469 805 529 857 id
549 820 788 870 quoque
808 802 1067 857 facturus
1086 804 1229 857 sum.
1251 805 1369 858 Hic
1389 811 1525 858 tuus
1544 806 1742 859 servus
1757 807 1900 859 dum
1914 806 2139 872 aliquot
2153 807 2359 860 diebus
2372 807 2468 861 hic

268 891 501 936 navem,
523 892 659 941 quae
673 875 856 928 solvat
869 878 933 928 in
947 875 1228 936 Damam,
1251 874 1530 941 expectat,
1552 877 1858 930 consumfit
1874 877 2087 930 solidos
2104 878 2189 930 32.
2212 879 2281 931 Et
2300 885 2469 945 typos

267 946 460 999 nescio
487 962 637 1012 quos
662 949 905 1000 maioris
930 953 1089 999 notae
1117 949 1272 1009 emit,
1300 947 1372 1000 de
1400 947 1614 1012 quibus
1639 963 1875 1001 mecum
1895 946 2088 1002 actum
2116 955 2181 1002 ut
2205 953 2470 1015 precium

266 1018 602 1084 penderem.
624 1018 849 1070 Verum
874 1033 1012 1071 cum
1037 1018 1216 1071 huius
1242 1021 1327 1071 rei
1353 1018 1520 1071 nulla
1545 1021 1609 1071 in
1633 1021 1749 1071 tuis
1774 1019 1955 1072 literis
1974 1018 2126 1073 facta
2145 1020 2209 1073 fit
2227 1024 2468 1082 mentio,

268 1096 323 1142 et
342 1092 624 1155 ignorem,
651 1096 852 1142 utrum
871 1089 986 1142 hoc
1005 1096 1108 1142 tuo
1129 1090 1272 1142 iussu
1291 1088 1512 1143 factum
1530 1089 1610 1152 fit,
1637 1089 1787 1142 nihil
1806 1106 1843 1143 a
1862 1106 1957 1143 me
1977 1091 2352 1156 persolutum.
2381 1093 2468 1145 Ex
2521 1110 2564 1146 10

267 1160 388 1226 ipso
402 1160 575 1226 plene
592 1163 795 1214 omnia
809 1161 881 1214 de
895 1163 1046 1228 typis
1059 1160 1361 1228 intelliges,
1380 1161 1542 1214 Bene
1555 1161 1705 1214 vale.
1727 1162 2012 1229 Rostochij
2030 1163 2103 1215 12.
2119 1163 2270 1230 Iunij
2287 1164 2469 1216 Anno

267 1232 515 1285 Domini
534 1233 678 1286 1584.
1592 1268 1941 1323 HENRICUS
1966 1269 2326 1324 BRUCAEUS.

269 1444 342 1490 [Ex
363 1446 607 1492 apographo
627 1445 671 1482 in
692 1445 836 1483 codice
855 1445 1177 1483 Vindobonensi
1197 1446 1266 1482 lat.
1290 1445 1461 1490 10686⁶⁶l

508 1533 904 1609 TYCHO
949 1533 1553 1691 BRABIZIEOQIRI
1577 1533 2048 1608 IOHANN
2058 1534 2229 1608 EM
2522 1573 2564 1608 ιε

361 1720 378 1723 h
395 1722 404 1723 ⁷⁷
446 1720 497 1791 [ζ
552 1796 571 1801 ν
602 1733 685 1810 Ὅ)
731 1733 889 1786 UAS
909 1733 985 1786 ad
1005 1748 1101 1785 me
1121 1732 1330 1785 ultimo
1354 1733 1552 1786 dedisti
1576 1732 1790 1793 literaS,
1819 1733 2185 1786 eruditissime
2207 1733 2468 1786 Domine
2500 1744 2588 1786 77v

359 1852 362 1865 ,
403 1803 450 1865 ’ἴ
483 1812 588 1872 3325
675 1809 687 1826 ²
731 1804 1156 1857 IOHANNES
1173 1804 1455 1866 MAIOR,
1476 1803 1627 1858 redte
1645 1806 1844 1869 accepi
1859 1804 1999 1857 etde
2015 1803 2177 1856 libris
2192 1820 2468 1870 procura—

386 1888 415 1919 t
448 1886 451 1887 ’
469 1875 486 1949 3'
530 1864 622 1941 {fys
729 1878 801 1927 tis
818 1878 1033 1941 gratias
1049 1874 1260 1928 habeo,
1274 1875 1852 1929 WELLERIANOS
1869 1875 1983 1928 hac
1995 1878 2122 1928 vice
2137 1891 2262 1928 non
2276 1879 2467 1942 cupio.

382 1976 393 1991 x
457 1924 630 2012 kf&
731 1946 824 1999 De
846 1946 1206 1999 Calendario
1229 1946 1601 2013 Gregoriano
1623 1947 1783 2012 quod
1805 1953 1968 2000 tanta
1990 1946 2163 1999 fuerit
2182 1947 2342 2012 apud
2361 1963 2468 2000 vos
2518 1965 2564 2000 20

359 2055 362 2058 ·
408 1987 604 2075 (ίῶχὲ
626 2009 693 2095 >g
731 2020 1071 2070 animorum
1088 2020 1460 2080 concertati0,
1481 2024 1547 2071 ut
1564 2018 1748 2071 ferme
1768 2017 1844 2071 ad
1865 2033 2034 2071 arma
2046 2034 2139 2071 res
2153 2018 2468 2080 devenerit,

582 2089 651 2105 χ’
729 2092 928 2150 miror,
954 2096 1008 2142 et
1029 2104 1166 2142 meo
1186 2089 1324 2142 sane
1347 2090 1565 2142 iudicio
1585 2106 1709 2142 non
1729 2090 1993 2142 decuisset
2013 2105 2131 2151 eOS,
2156 2092 2259 2155 qui
2277 2089 2468 2143 Theo-

265 2160 484 2226 logiam
501 2161 661 2226 apud
674 2177 781 2213 vos
797 2160 1164 2226 profitentur,
1186 2161 1553 2214 occafionem
1564 2161 1638 2214 fic
1653 2161 1793 2213 dare
1807 2160 1900 2214 his
1914 2160 2097 2214 turbis
2112 2168 2166 2214 et
2179 2161 2469 2227 populum

265 2238 469 2284 contra
480 2232 886 2298 Magistratum
897 2232 1224 2298 legitimum
1236 2248 1627 2293 commovere,
1639 2235 1703 2285 in
1713 2248 1793 2294 re,
1802 2235 1888 2285 uti
1899 2235 2127 2298 opinor,
2140 2232 2470 2298 adiaphora

266 2309 321 2355 et
349 2303 634 2369 religioni,
665 2319 847 2369 quam
872 2303 958 2356 illi
982 2310 1236 2365 tuentur,
1266 2304 1417 2356 nihil
1442 2303 1752 2357 officiente.
1783 2303 1898 2357 Sed
1925 2303 2038 2357 hac
2066 2310 2268 2357 tamen
2291 2303 2467 2366 salva,
2517 2321 2564 2357 25

266 2381 558 2439 quatenus
578 2375 780 2427 divino
800 2375 981 2427 verbo
1001 2374 1297 2436 fundatur,
1319 2382 1613 2436 manente,
1635 2391 1837 2428 nonne
1856 2378 2068 2441 prioris
2086 2381 2141 2428 et
2158 2375 2261 2428 diu
2280 2375 2469 2428 ufitati

266 2446 604 2512 Calendarij
634 2447 934 2499 Nicenum
960 2446 1299 2499 Concilium
1323 2447 1500 2500 secuti
1526 2447 1779 2500 Romani
1807 2446 2117 2499 Pontifices
2147 2453 2383 2499 autores
2413 2453 2469 2499 et

265 2517 700 2570 conservatores
714 2518 895 2579 fuere,
911 2524 966 2570 et
980 2517 1235 2570 aliorum
1249 2518 1478 2571 dierum
1492 2518 1782 2579 festorum,
1796 2517 2009 2583 quibus
2019 2520 2078 2584 ij,
2091 2517 2259 2583 quise
2272 2518 2467 2570 Euan-

264 2589 483 2655 gelium
509 2596 873 2654 nuncupant,
902 2591 1228 2641 etiamnum
1255 2588 1534 2642 utuntur?
1561 2589 1686 2643 Cur
1711 2592 1884 2655 igitur
1909 2588 2176 2642 Pontifici
2197 2589 2467 2642 Romano

264 2676 388 2713 non
407 2660 621 2721 liceret,
641 2660 961 2726 praesertim
981 2660 1344 2726 approbante
1361 2661 1421 2713 id
1440 2661 1825 2726 Imperatoria
1838 2660 2160 2721 Maiestate,
2181 2660 2339 2713 idem
2354 2660 2467 2713 Ca·
2516 2676 2563 2712 30

264 2731 615 2794 lendarium,
632 2738 924 2797 quatenus
937 2747 1220 2784 mancum
1231 2738 1287 2784 et
1296 2731 1652 2784 insufficiens
1665 2731 1843 2797 longo
1856 2735 1970 2784 aevi
1980 2730 2166 2784 tractu
2176 2731 2468 2784 redditum

266 2803 356 2863 est,
379 2804 695 2865 emendare
717 2810 772 2856 et
790 2806 854 2855 in
872 2802 1102 2864 melius,
1125 2803 1323 2868 quoad
1343 2802 1472 2855 fieri
1492 2805 1695 2868 potuit,
1717 2801 2046 2855 restituere?
2073 2803 2246 2855 Certe
2265 2802 2466 2854 viden-

263 2880 358 2926 tur
371 2874 450 2935 hi,
466 2878 568 2939 qui
581 2881 704 2927 tam
718 2874 1074 2927 contentiose
1087 2874 1173 2926 illi
1187 2874 1534 2939 obstrepunt,
1552 2890 1677 2926 non
1691 2874 1820 2926 zelo
1834 2873 2155 2926 secundum
2167 2873 2468 2926 scientiam

265 2946 324 2997 id
350 2961 538 3010 agere,
568 2946 663 2998 sed
689 2949 885 3011 potius
912 2943 1215 2999 affectibus
1241 2945 1544 3011 indulgere
1571 2951 1626 2998 et
1650 2944 1942 3010 philautia
1970 2944 2258 3006 laborare,
2288 2950 2466 3009 atque

266 3016 403 3068 odio
423 3017 719 3069 Pontificis
738 3017 940 3070 saltem
960 3018 1019 3070 id
1038 3016 1247 3070 facere.
1269 3017 1329 3070 Si
1349 3023 1485 3070 ante
1506 3016 1859 3070 LUTHERI
1878 3022 2146 3081 tempora
2164 3015 2266 3068 tali
2286 3015 2466 3068 modo
2515 3032 2561 3068 35

264 3086 443 3139 fuisset
472 3095 823 3140 renovatum
852 3088 1293 3150 Calendarium‚
1322 3088 1562 3153 quando
1591 3104 1695 3153 per
1726 3087 2107 3140 excellentem
2134 3086 2466 3140 Germano-

265 3174 398 3210 rum
415 3158 924 3220 Mathematicum,
940 3159 1397 3212 IOHANNEM
1411 3158 2167 3220 REGIOMONTANUM,
2182 3157 2465 3218 Pontifex,

266 3231 505 3294 quitum
516 3230 720 3282 Romae
732 3230 980 3294 praefuit,
991 3231 1049 3283 id
1061 3230 1189 3283 fieri
1199 3231 1506 3297 satagebat,
1517 3236 1668 3283 certe
1680 3229 2106 3283 LUTHERUS
2117 3229 2256 3282 huic
2269 3244 2464 3281 emen-

265 3300 489 3352 dationi
518 3316 642 3353 non
670 3303 851 3353 invite
878 3303 1259 3366 acquievisset,
1290 3317 1424 3354 cum
1454 3301 1605 3353 nihil
1632 3303 1953 3354 contineret
1981 3300 2156 3366 ipfius
2185 3298 2465 3353 doctrinae

266 3374 641 3424 contrarium.
670 3372 740 3424 Et
761 3388 863 3423 cur
883 3388 1006 3424 non
1025 3372 1360 3425 successores
1382 3375 1508 3425 eius
1529 3388 1617 3433 eo,
1646 3373 1805 3438 quod
1827 3387 1987 3425 nunc
2010 3371 2465 3493 redintegratur&
2513 3386 2560 3422 40

2373 3456 2405 3493 e
2451 3481 2464 3502 9
