2664 4030
259 304 328 356 36
794 302 1236 355 EPISTOLAE
1262 302 1934 356 ASTRONOMICAE

258 461 388 497 mas
409 461 536 511 ago,
560 445 672 497 Etfi
691 451 892 498 autem
913 461 985 498 ea
1003 460 1128 497 non
1149 445 1225 498 est
1243 447 1362 497 mei
1381 447 1597 512 ingenij
1621 444 1886 507 facultas,
1907 451 1972 498 ut
1989 461 2196 511 parem
2214 449 2463 512 gratiam

258 516 473 569 referre
487 517 703 581 possim,
721 523 923 569 tamen
938 516 1188 579 affirm0‚
1206 532 1302 569 me
1318 532 1495 569 omne
1508 532 1713 569 meum
1725 517 1994 578 studium,
2010 532 2253 570 omnem
2265 533 2464 571 meam

259 588 690 642 observantiam
722 588 947 641 cultum
978 588 1272 641 honorem
1304 588 1560 653 denique
1591 588 1695 641 tibi
1727 589 1945 651 dicasse,
1977 604 2192 654 meque
2224 595 2463 642 tuarum

257 662 658 712 maximarum
682 662 983 720 virtutum,
1011 675 1161 724 quas
1186 660 1412 725 semper
1436 660 1564 712 sum
1589 660 1931 720 admiratus,
1957 662 2311 713 memoriam
2335 676 2462 725 per-

257 737 436 796 petuo
452 731 931 784 conservaturum
947 732 1066 783 esse.
1082 731 1264 783 Porro
1275 737 1330 783 te
1342 733 1614 796 ignorare
1624 731 1784 792 n010‚
1799 734 1883 784 mi
1895 731 2155 784 Domine
2163 731 2462 793 TYCHO,

258 802 770 855 SCHISLERUM
797 802 1244 871 γνωμονοποιὸν
1272 802 1533 854 nostrum
1558 802 1854 855 confecisse
1883 802 2148 856 Globum
2177 818 2251 855 ex
2280 818 2463 868 cupro

258 872 641 926 fabrefac'tum
660 873 982 925 secundum
1003 888 1211 925 omnes
1232 873 1623 926 dimensiones
1641 872 1929 938 perfedtae,
1949 874 2131 927 veluti
2150 881 2321 927 tuum
2339 875 2463 927 Au-

257 951 541 1005 tomaton‚
568 945 959 1006 rotunditatiS,
987 946 1156 996 cuius
1176 944 1461 997 diameter
1481 945 1988 1011 quinquepedaliS.
2012 945 2243 999 Globus
2263 951 2464 999 autem

257 1016 360 1068 tali
380 1021 505 1068 arte
526 1015 601 1068 est
620 1013 991 1078 fabrefactus
1017 1018 1164 1068 utin
1184 1016 1218 1068 8
1237 1022 1432 1080 partes
1452 1015 1670 1069 dissolvi
1692 1022 1747 1068 et
1765 1016 1962 1069 rursus
1981 1019 2046 1069 in
2064 1019 2357 1083 integrum
2375 1033 2463 1070 re-

257 1088 408 1139 stitui
432 1088 608 1153 possit,
634 1088 957 1140 necessitate
986 1089 1269 1153 exigente,
1298 1103 1475 1152 quem
1499 1090 1564 1139 in
1586 1087 1940 1152 Hispaniam
1966 1089 2090 1141 una
2115 1104 2250 1141 cum
2270 1088 2462 1141 Astro-

257 1159 416 1211 labio
443 1161 784 1224 quantitatis
811 1159 1071 1211 eiusdem
1095 1174 1200 1224 per
1226 1158 1594 1212 MARCUM
1615 1159 2079 1212 FUGGERUM
2101 1159 2176 1212 est
2193 1159 2463 1213 misuruS.

259 1230 416 1283 Cum
436 1233 635 1295 itaque
655 1230 919 1283 viderem
940 1229 1223 1291 Globum,
1248 1229 1321 1282 de
1340 1233 1455 1282 tuis
1476 1230 1803 1283 commodis
1824 1233 2084 1296 cogitans
2105 1231 2463 1296 quaerebam,

258 1317 405 1354 num
426 1304 603 1354 etiam
622 1304 914 1354 maiorem
934 1301 1224 1354 conficere
1247 1300 1455 1367 posset?
1483 1304 1586 1367 qui
1611 1301 1905 1367 respondit
1930 1305 2028 1364 ita,
2057 1302 2233 1368 seque
2253 1303 2329 1356 ad
2347 1302 2464 1356 tale

258 1389 471 1439 corpus
498 1373 935 1426 conficiendum
959 1379 1190 1425 motum
1217 1374 1321 1426 esse
1349 1388 1422 1425 ex
1449 1388 1537 1434 e0,
1568 1374 1728 1438 quod
1755 1373 2052 1426 audivisset
2077 1373 2152 1426 D.
2173 1380 2340 1427 tuam
2367 1373 2465 1427 hic

257 1444 542 1497 artificem
563 1444 891 1510 quaefivisse,
919 1447 1022 1510 qui
1040 1445 1101 1498 id
1120 1444 1430 1511 praestaret,
1451 1444 1626 1510 seque
1646 1446 1796 1511 posse
1817 1460 1989 1510 aeque
2010 1444 2299 1498 conficere
2320 1445 2463 1499 eius-

256 1516 420 1568 modi
446 1532 677 1581 corpus‚
705 1519 873 1569 cuius
899 1516 1184 1570 diameter
1210 1517 1338 1569 esset
1356 1516 1390 1570 8
1408 1516 1506 1569 vel
1527 1517 1585 1569 10
1606 1517 1844 1582 pedum,
1872 1523 1928 1569 et
1954 1532 2026 1570 ea
2051 1523 2191 1579 arte,
2217 1523 2282 1570 ut
2307 1519 2371 1570 in
2395 1518 2466 1570 40

258 1590 481 1640 circiter
506 1594 701 1653 partes
726 1588 1013 1641 resolutus
1038 1587 1295 1640 facilime
1320 1587 1559 1653 vafique
1584 1587 1858 1650 inclusus,
1889 1588 2343 1641 commodissime
2369 1589 2466 1647 vel

257 1675 362 1725 per
380 1675 545 1711 mare
565 1659 661 1712 vel
685 1675 790 1725 per
811 1666 995 1713 terras
1014 1659 1393 1724 transportari
1417 1661 1592 1725 possit.
1621 1659 1780 1713 Cum
1805 1665 2006 1712 autem
2030 1659 2277 1712 ulterius
2304 1675 2464 1726 quae-

257 1746 466 1792 rerem,
494 1737 786 1796 quantum
806 1737 1042 1796 cuperet
1061 1747 1169 1796 pro
1189 1730 1293 1784 tali
1313 1746 1558 1796 corpore
1579 1730 1964 1792 conficiend0‚
1990 1747 2087 1784 me
2107 1731 2184 1785 ad
2203 1732 2278 1785 D.
2298 1738 2465 1784 tuam

257 1802 370 1854 hac
391 1802 462 1855 de
483 1818 545 1854 re
565 1802 928 1868 scripturum,
950 1802 1259 1867 respondit,
1280 1818 1405 1855 non
1419 1805 1619 1856 minus
1637 1818 1820 1868 quam
1837 1803 1967 1855 1000
1982 1818 2213 1864 aureOS,
2235 1803 2465 1856 circulis

259 1876 512 1939 exceptis
531 1880 585 1926 et
602 1875 766 1939 pede.
788 1870 809 1943 ΙΙ
831 1874 1034 1938 Quare
1049 1889 1186 1926 cum
1199 1873 1297 1926 hic
1313 1873 1579 1927 Globum
1591 1874 1841 1927 viderim
1853 1874 2132 1940 ligneum,
2149 1877 2251 1939 qui
2264 1881 2466 1927 tamen
2497 1884 2579 1927 75r

257 1951 493 2010 propter
518 1945 661 2011 ligni
686 1952 964 1998 naturam
989 1945 1105 1998 suis
1132 1961 1205 1998 ex
1231 1961 1407 2010 aequo
1432 1946 1696 2011 partibus
1721 1961 1847 1998 non
1872 1945 2221 2010 respondere
2240 1946 2464 1999 videre-

256 2022 367 2077 tur,
394 2016 507 2069 hac
534 2017 605 2069 de
632 2033 695 2069 re
722 2020 1031 2070 certiorem
1056 2016 1249 2070 facere
1268 2016 1450 2077 volui,
1478 2023 1542 2070 ut
1565 2016 1606 2069 fi
1627 2016 1775 2070 forte
1800 2017 2093 2070 eiusmodi
2112 2033 2325 2083 corpus
2344 2017 2463 2084 glo-

255 2087 463 2140 bosum
483 2087 558 2140 D.
579 2095 682 2141 tua
701 2088 921 2141 habere
943 2095 1195 2153 cuperet,
1223 2088 1383 2153 quod
1405 2094 1461 2141 et
1480 2088 1557 2142 ad
1577 2089 1953 2142 durationem
1973 2095 2028 2141 et
2046 2087 2464 2154 perfectionem

257 2162 444 2225 magis
464 2160 781 2221 accederet,
802 2160 982 2222 sciret,
1003 2160 1101 2212 hic
1122 2161 1225 2212 esse
1245 2159 1567 2221 Artificem,
1590 2163 1692 2225 qui
1711 2160 1826 2213 hoc
1845 2160 1901 2213 se
1921 2160 2191 2226 praestare
2210 2162 2361 2225 posse
2382 2161 2464 2214 di-

258 2237 427 2283 ceret.
455 2231 707 2283 Proinde
733 2232 774 2283 fi
801 2248 921 2297 qua
946 2235 1009 2284 in
1034 2232 1096 2283 re
1122 2247 1259 2284 mea
1286 2247 1470 2296 opera
1494 2235 1580 2284 uti
1605 2232 1882 2293 volueriS,
1911 2232 2165 2284 efficiam
2190 2238 2254 2284 ut
2275 2238 2332 2284 te
2354 2247 2464 2285 nec

256 2302 596 2367 sumptuum
621 2306 909 2367 poenitere
937 2310 1130 2368 queat,
1157 2318 1267 2355 nec
1294 2319 1401 2368 ego
1429 2319 1586 2364 cura,
1615 2319 1797 2369 opera
1824 2310 1879 2356 et
1903 2303 2089 2356 studio
2109 2302 2212 2355 tibi
2232 2303 2463 2356 defuisse

256 2373 476 2434 videar,
505 2375 685 2426 modo
713 2391 849 2426 cum
876 2375 1078 2439 aliquo
1105 2390 1262 2440 agaS,
1294 2377 1397 2439 qui
1425 2374 1633 2427 artifici
1660 2374 1972 2427 dimidium
1996 2375 2335 2440 sumptuum
2360 2381 2464 2427 tuo

256 2447 501 2497 nomine
523 2452 795 2510 exponat.
818 2446 887 2498 In
905 2448 1107 2498 ceteris
1122 2461 1317 2510 neque
1332 2445 1632 2511 diligentia
1646 2462 1840 2511 neque
1855 2445 1970 2498 fide
1985 2462 2254 2511 unquam
2269 2446 2462 2499 deero.

329 2517 490 2568 Novi
516 2517 676 2581 quod
702 2517 778 2570 ad
802 2524 858 2569 te
884 2517 1191 2570 scriberem
1210 2533 1335 2569 non
1354 2516 1666 2578 habebam,
1693 2517 1800 2569 nifi
1824 2517 1971 2570 forte
1997 2517 2137 2570 scire
2157 2517 2320 2579 veliS‚
2347 2517 2462 2571 hoc

257 2587 379 2652 ipso
403 2587 497 2640 die
520 2588 643 2652 post
663 2588 891 2641 obitum
909 2588 1396 2641 PEUTINGERI
1417 2591 1480 2640 in
1499 2588 1921 2650 Duumvirum,
1949 2605 2129 2653 quem
2154 2604 2265 2641 nos
2284 2589 2462 2655 vulgo

259 2658 687 2727 Stadtpfleger
720 2662 1121 2721 nominamus,
1161 2660 1529 2713 MARCUM
1567 2660 2032 2714 FUGGERUM
2071 2658 2321 2713 eleelum
2359 2662 2463 2713 esse

257 2745 394 2782 cum
424 2734 695 2783 omnium
724 2734 944 2784 civium
972 2732 1380 2784 admiratione.
1415 2731 1591 2784 Hisce
1620 2731 1754 2785 vale
1782 2731 2041 2793 feliciter,
2073 2738 2128 2785 et
2155 2748 2269 2793 me,
2303 2731 2463 2797 quod

257 2800 417 2863 faciS,
439 2818 641 2855 amare
662 2818 853 2869 perge.
875 2803 1151 2869 Augustae
1173 2802 1431 2856 Rheticae
1450 2803 1720 2868 postridie
1741 2803 1870 2856 Cal.
1891 2803 2135 2869 Augusti
2154 2804 2298 2857 1576.

1416 2910 1490 2963 D.
1505 2909 1571 2963 T.
1593 2910 1965 2963 deditissimus

1802 2982 2043 3034 IOHAN.
2071 2981 2318 3034 MAIOR.

2351 3441 2460 3508 [Ex

2517 1106 2560 1142 10

2518 1462 2560 1498 15

2514 1820 2561 1855 20

2512 2177 2560 2213 25

2510 2924 2558 2961 35
