2644 4030
216 298 519 352 TYCHO
547 299 669 352 AD
696 298 959 352 ANDR.
987 299 1269 352 SEVER.
1290 299 1743 353 VELLEIUM
1770 300 1845 352 20
1871 300 2245 354 NOV.1589
2324 300 2417 354 219

218 438 292 485 [Ex
312 440 556 487 apographo
576 439 620 476 in
641 439 785 477 codice
804 439 974 477 Archivi
995 439 1126 487 Regni
1147 440 1314 477 Daniae:
1335 440 1457 478 Arch.
1477 439 1579 486 priv.
1597 440 1727 486 Tych.
1748 440 1885 486 Brah.]

115 547 172 592 εν
220 520 926 595 DOCTISSIMO
967 522 1231 596 VIRO
1283 522 1869 597 MAGISTRO
1909 523 2418 596 ANDREAE

480 625 862 687 WELLEIo,
891 625 1324 680 CAN0N1co
1352 626 1669 689 RIPENSL
1696 626 1966 680 AM1co
1993 626 2150 681 suo

1144 709 1492 834 DEIZTUR.

143 800 166 835 5
1329 824 1339 835 .

436 994 448 1003 ,
592 1007 593 1013 ¹
632 968 634 971 f
685 940 833 1004 fero)
860 941 1231 994 mediocriter
1255 958 1351 994 me
1377 942 1588 995 habeo,
1619 943 1827 1003 Miror,
1857 949 1912 995 te
1938 942 2127 995 multo
2151 950 2417 1008 tempore

330 1052 344 1070 η
608 1043 617 1056 2
685 1012 836 1065 nihil
861 1013 937 1065 ad
962 1028 1059 1065 me
1085 1014 1290 1066 dedisse
1316 1013 1621 1066 literarum
1640 1029 1835 1078 neque
1856 1029 1992 1066 cum
2012 1013 2260 1066 HELIA
2279 1028 2417 1066 meo

306 1089 313 1098 ‘
410 1108 411 1115 κ
586 1107 592 1154 ‘J
686 1084 991 1149 quidpiam
1011 1085 1286 1150 scriplisse.
1309 1085 1468 1138 Sicut
1487 1085 1720 1149 prorsus
1736 1088 1855 1137 mei
1868 1088 2183 1137 immemor
2195 1083 2417 1138 factus?

123 1173 165 1208 ιο
243 1149 338 1227 1¹)
413 1154 456 1189 ‘³³‘
584 1208 592 1228 ι,
636 1203 644 1218 x
687 1155 784 1208 Da
801 1171 1062 1220 operam,
1083 1164 1147 1208 ut
1167 1159 1573 1209 exarationem
1592 1156 1896 1221 quandam
1916 1172 2124 1209 eorum
2143 1156 2416 1218 habeam,

599 1221 604 1231 “
635 1220 646 1233 ⁴
687 1243 823 1292 quae
842 1230 906 1279 in
925 1227 1234 1293 Privilegio
1254 1228 1489 1280 Danico
1509 1228 1820 1280 commode
1846 1229 2317 1288 continebuntur,
2344 1227 2417 1280 de

214 1296 428 1360 quibus
447 1296 760 1362 aliquoties
779 1305 974 1350 tecum
1001 1301 1107 1364 egi,
1133 1299 1229 1351 sed
1249 1299 1435 1351 Iutica
1453 1298 1599 1351 fides
1618 1301 1682 1352 in
1700 1299 1893 1352 verbis
1913 1299 2146 1364 quidvis
2166 1305 2270 1352 etc.
2298 1298 2416 1352 Cu·

212 1382 415 1431 perem
446 1367 559 1421 hac
590 1369 804 1435 hyeme
836 1370 1073 1431 habere,
1106 1386 1248 1423 nam
1279 1374 1504 1435 primus
1533 1370 1759 1422 Tomus
1790 1372 1909 1422 mei
1939 1373 2133 1436 operis
2164 1372 2286 1423 iam
2314 1369 2416 1423 sub

212 1439 377 1503 prelo
408 1439 498 1492 est.
529 1440 853 1494 Moletrina
877 1457 1103 1507 papyro
1130 1441 1514 1494 conficiendae
1544 1441 1824 1494 destinata
1851 1443 1975 1494 una
2004 1457 2140 1494 cum
2168 1444 2418 1494 annexis

122 1525 164 1560 15
212 1512 335 1562 iam
359 1518 567 1575 parata
593 1511 684 1572 est,
713 1518 768 1565 et
793 1528 953 1578 aqua
978 1513 1133 1565 adest
1157 1515 1222 1565 in
1246 1513 1554 1565 sufficienti
1574 1516 1746 1578 copia
1765 1528 1889 1565 non
1908 1512 2110 1565 saltem
2132 1511 2416 1579 hyberno.

211 1580 307 1634 sed
322 1585 501 1634 etiam
515 1582 711 1636 aestivo
725 1590 1006 1648 tempore,
1028 1587 1349 1649 omniaque
1369 1587 1476 1636 rite
1493 1584 1549 1637 se
1566 1583 1802 1645 habent,
1822 1584 2025 1637 saltem
2044 1583 2417 1649 chartopaeus

212 1652 582 1707 desideratur.
611 1655 772 1707 Nam
797 1657 863 1714 is,
891 1658 993 1720 qui
1021 1655 1257 1708 ERICO
1283 1655 1638 1715 inservierat,
1666 1670 1845 1720 quem
1868 1654 2168 1707 Lubecam
2192 1671 2300 1721 pro
2319 1670 2416 1708 ve-

210 1728 550 1778 teramentis
580 1727 998 1792 conquirendis
1027 1727 1170 1787 mifi,
1209 1727 1502 1792 nusquam
1535 1726 1733 1793 postea
1764 1729 2110 1792 comparuit.
2148 1726 2209 1780 Si
2237 1726 2418 1780 talem

211 1795 517 1849 Artificem
530 1797 648 1850 iuic
663 1797 943 1863 expiscari
960 1801 1194 1862 poteris,
1215 1801 1377 1851 mitte
1391 1799 1562 1851 illum
1575 1798 1693 1850 huc
1707 1805 1954 1858 mature,
1975 1814 2083 1863 pro
2096 1797 2201 1851 suo
2214 1798 2417 1851 labore

117 1882 164 1917 20
212 1867 402 1921 debite
415 1870 937 1922 remunerandum.
948 1869 1263 1923 Distantias
1278 1873 1550 1923 omnium
1563 1870 1831 1922 locorum
1843 1873 1905 1922 in
1917 1869 2200 1936 Cymbria
2211 1877 2266 1922 et
2277 1869 2418 1922 alibi

211 1942 275 1991 in
295 1939 511 2001 Dania,
539 1948 828 2006 quotquot
853 1940 1137 1995 hactenus
1163 1943 1410 2007 adeptus
1438 1957 1516 2002 ες,
1542 1941 1691 1993 mihi
1714 1941 1953 1993 describi
1973 1956 2116 1993 cura
2136 1948 2191 1993 et
2210 1956 2416 2005 quam·

135 2013 163 2056 †
211 2013 472 2076 primum
497 2011 614 2064 huc
639 2015 804 2065 mitti.
833 2011 1064 2065 Rectius
1085 2016 1207 2074 erit,
1228 2013 1269 2065 fi
1289 2016 1467 2066 unius
1487 2013 1602 2065 loci
1622 2028 1659 2065 a
1678 2013 1909 2065 duobus
1936 2012 2084 2078 alijs,
2111 2014 2214 2077 qui
2238 2015 2415 2064 trian-

211 2082 418 2148 gulum
444 2082 629 2135 ferme
656 2083 970 2145 effecerint,
1000 2085 1501 2150 intercapedinem
1527 2085 1916 2142 denotaveris,
1947 2085 2176 2148 quoties
2203 2083 2262 2135 id
2287 2082 2416 2136 fieri

213 2161 412 2218 queat;
438 2161 565 2206 tum
592 2158 771 2207 etiam
795 2155 988 2222 sylvae,
1014 2155 1282 2215 flumina,
1309 2163 1528 2220 portus,
1554 2155 1766 2216 littora,
1794 2153 2090 2208 anfrac’tus
2114 2161 2169 2206 et
2190 2154 2414 2216 similia,

117 2239 164 2274 25
213 2240 334 2289 qua
358 2225 487 2278 fieri
510 2226 690 2290 potest
715 2226 1030 2292 diligentia,
1058 2227 1413 2293 designanda
1430 2229 1694 2279 veniunt.
1722 2225 1902 2278 Effice
1922 2232 1986 2278 ut
2005 2229 2118 2278 cito
2142 2225 2414 2288 habeam,

211 2311 356 2348 nam
380 2304 776 2362 praeterquam
803 2299 963 2362 quod
987 2298 1204 2351 Daniae
1231 2298 1496 2351 chartam
1522 2298 1846 2363 aliquando
1872 2313 1977 2362 per
1999 2299 2197 2350 ocium
2217 2313 2414 2349 emen-

213 2367 346 2419 date
367 2367 796 2421 conficiendam
816 2370 1079 2429 mediter,
1105 2373 1168 2421 in
1194 2369 1308 2422 hoc
1332 2373 1510 2422 etiam
1530 2385 1709 2434 quem
1729 2385 1888 2421 nunc
1908 2370 2168 2433 imprimi
2187 2384 2330 2421 curo
2349 2368 2414 2420 li-

135 2441 163 2485 †
211 2439 335 2500 hm,
356 2442 420 2491 in
438 2439 655 2492 tabella
675 2441 951 2505 quadam,
972 2441 1073 2493 ubi
1093 2441 1487 2506 longitudines
1503 2448 1557 2493 et
1570 2441 1906 2493 latitudines
1921 2439 2283 2492 diversorum
2301 2440 2414 2492 Eu-

211 2525 375 2574 ropae
395 2511 665 2563 locorum
685 2509 1076 2571 correctiores,
1104 2513 1302 2577 quoad
1323 2515 1449 2564 eius
1470 2512 1598 2564 fieri
1623 2511 1818 2576 potest,
1846 2512 1921 2564 ob
1947 2511 2414 2563 meridianorum

117 2597 164 2632 30
213 2581 572 2635 differentias
598 2582 1007 2636 discernendas
1028 2583 1625 2648 comprehenduntur,
1652 2583 1863 2635 Patriae
1890 2585 2068 2635 etiam
2093 2582 2302 2634 nostrae
2327 2585 2414 2634 in-

210 2652 461 2718 figniora
481 2654 759 2718 quaedam
778 2654 910 2706 loca
928 2654 1249 2707 secundum
1267 2655 1512 2720 longum
1527 2662 1580 2707 et
1594 2654 1781 2706 latum
1794 2653 2095 2706 verificata
2114 2669 2414 2719 apponere

211 2727 448 2778 animus
463 2725 554 2777 est.
576 2725 691 2777 Fac
708 2729 923 2790 itaque,
944 2733 1009 2778 ut
1028 2726 1195 2779 nulla
1208 2726 1271 2778 fit
1284 2729 1346 2778 in
1364 2737 1417 2779 te
1434 2741 1620 2785 mora,
1643 2729 1787 2790 quin
1803 2725 2147 2790 propediem
2164 2740 2300 2789 quae
2317 2725 2413 2777 de-

211 2796 396 2848 fidero
423 2796 739 2857 obtineam,
768 2804 822 2849 et
847 2812 952 2862 per
977 2797 1137 2849 hunc
1161 2797 1350 2862 ipsum
1375 2800 1663 2850 nuncium
1684 2797 1781 2849 vel
1806 2799 2075 2861 quemvis
2101 2795 2287 2848 alium
2314 2795 2413 2848 ob-

210 2870 376 2920 vium
396 2867 655 2920 rescribe.
670 2868 818 2921 Vale
840 2876 895 2920 et
914 2868 1261 2921 METTAM
1283 2876 1447 2921 tuam
1467 2870 1590 2920 una
1610 2883 1746 2920 cum
1765 2876 2017 2932 utroque
2038 2867 2283 2919 Parente
2304 2882 2413 2920 cae-

117 2953 163 2988 35
210 2939 458 3004 terisque
470 2939 811 3004 Ripenfibus
826 2942 1030 2992 amicis
1043 2939 1244 2992 saluta.
1260 2940 1435 2992 Datae
1449 2939 1806 3005 Uraniburgi
1821 2939 1913 2991 die
1927 2938 2013 2991 20.
2026 2938 2412 2992 Novemb.89.

1927 3044 2094 3097 Tuus

1756 3117 1997 3170 TYCI-IO
2023 3117 2270 3201 ΒΚΑῌΕ,

1791 3204 1978 3241 manu
1996 3203 2252 3253 propna.

354 3448 422 3483 28⁸
2124 3435 2192 3502 [E
2214 3436 2411 3489 codice
