2664 4030
277 301 335 354 16
812 299 1252 354 EPISTOLAE
1278 299 1947 355 ASTRONOMICAE

277 442 536 495 malcula
549 445 714 494 omni
729 443 1017 496 coelorum
1039 446 1276 496 ornatui
1295 459 1419 496 non
1439 446 1702 509 aequanti
1721 444 1918 506 mod0,
1938 443 2034 496 sed
2055 443 2286 496 infinito
2306 447 2479 497 inter-

276 514 435 567 vallo
450 513 799 579 praeferenti.
816 515 1029 580 Neque
1045 514 1386 568 IULIANO
1402 515 1709 568 CAESARI
1723 515 1974 568 scribunt
1989 517 2309 580 quicquam
2322 515 2479 568 fuisse

275 585 463 638 visum
483 585 804 648 absurdius
827 602 1009 651 quam
1028 586 1273 638 statuere
1295 586 1446 639 Solis
1467 589 1767 639 interitum
1788 594 1843 639 et
1861 593 2232 639 terrenorum
2252 586 2478 652 corpus-

277 656 548 709 culorum
576 655 1073 710 resurrectionem.
1104 657 1179 710 D.
1208 664 1359 710 certe
1389 657 1592 710 Petrus
1618 658 1887 723 Epistolae
1913 658 1963 719 2,
1995 673 2119 722 cap.
2147 658 2248 710 ult.
2276 658 2479 710 diserte

275 727 484 781 scribit:
513 730 571 781 οἱ
594 733 701 782 νῦν
728 729 974 795 οὐρανοὶ
998 729 1099 781 καὶ
1123 729 1160 796 ἡ
1187 733 1258 796 γῆ
1286 728 1435 782 ’θεοῦ
1460 727 1615 796 λόγῳ
1635 728 2164 798 τεθησαυρισμένοι
2182 730 2310 791 εἰσί,
2339 730 2482 796 πυρὶ
2529 745 2552 780 5

275 801 628 867 τηρούμενοι
652 801 734 862 εἰς
759 798 982 868 ἡμέραν
1008 800 1255 865 κρίσεως
1279 800 1380 852 καὶ
1405 798 1701 863 ἀπωλείας
1724 803 1842 853 τῶν
1868 799 2100 868 ἀσεβῶν
2127 799 2477 867 ἀνθρώπων.
2528 804 2557 847 '1‘

276 871 403 923 Nec
418 870 702 922 dissimilia
714 870 844 922 sunt
859 870 1018 935 apud
1033 870 1567 932 EZECHIELEM,
1587 870 1892 923 ESAIAM
1908 878 1963 923 et
1977 871 2125 923 alios
2139 871 2478 936 prophetas:

275 957 411 1006 quae
444 956 568 993 non
599 941 873 993 videntur
904 942 1054 1006 posse
1088 940 1558 1009 ἁλληγορεῖσθαι.
1594 940 1762 994 Philo
1795 948 1996 994 autem
2026 945 2090 994 in
2117 942 2316 995 libello
2347 942 2482 1009 περὶ

275 1011 612 1080 ἀφθαρσίας
636 1011 863 1081 κόσμου
890 1019 973 1064 tot
998 1019 1239 1077 tamque
1266 1010 1494 1065 inviCtis
1518 1013 1843 1065 rationibus
1863 1014 2073 1066 mundi
2093 1016 2480 1066 aeternitatem

273 1084 524 1149 probare
550 1083 699 1135 mihi
726 1084 967 1148 quidem
985 1084 1238 1136 videtur:
1266 1090 1329 1135 ut
1355 1083 1506 1136 nihil
1531 1083 1646 1136 illis
1668 1090 1881 1149 praeter
1901 1087 2276 1138 autoritatem
2294 1084 2478 1137 sacra·
2532 1101 2575 1137 10

273 1170 406 1207 rum
421 1155 752 1207 Literarum
767 1157 990 1220 opponi
1006 1156 1181 1220 possit.
1204 1154 1372 1219 Quos
1391 1161 1593 1207 tamen
1613 1162 1676 1207 ut
1696 1154 1847 1208 reete
1867 1155 2279 1221 intelligamuS,
2302 1159 2480 1209 etiam

273 1233 450 1292 atque
478 1229 656 1279 etiam
675 1226 999 1279 videndum
1020 1226 1110 1279 est.
1139 1226 1344 1291 Itaque
1364 1227 1468 1279 tibi
1488 1232 1660 1279 autor
1679 1226 1806 1279 sum
1827 1233 1883 1279 et
1901 1226 2034 1279 loca
2053 1226 2157 1279 illa
2176 1226 2480 1293 diligenter

274 1297 662 1363 expendendi,
684 1304 739 1350 et
760 1313 895 1350 cum
917 1298 1156 1350 eruditis
1177 1313 1301 1350 non
1320 1297 1501 1350 modo
1516 1297 1900 1363 PhilosophiS‚
1920 1297 2016 1350 sed
2035 1300 2212 1351 etiam
2224 1297 2478 1350 Theolo-

272 1372 357 1434 gis
372 1369 729 1430 conferendi,
750 1369 1131 1434 inprimisque
1147 1384 1282 1421 cum
1297 1369 1370 1421 D.
1388 1369 1905 1431 HEMMINGIO,
1925 1372 2026 1434 qui
2040 1368 2480 1435 Philosophiam

273 1456 410 1493 cum
422 1440 750 1506 Theologia
771 1447 826 1492 et
847 1440 1250 1506 eloquentiam
1271 1456 1405 1493 cum
1425 1447 1676 1506 utraque
1698 1443 2019 1493 coniunxit.
2042 1440 2405 1507 Oppugnant
2424 1446 2480 1493 et
2532 1457 2575 1492 1⁵

271 1511 722 1577 Philosophastri
759 1512 1036 1565 nonnulli
1075 1511 1161 1576 (in
1199 1512 1414 1577 quibus
1445 1511 1794 1565 THOMAS
1830 1511 2197 1574 ERASTUS,
2237 1511 2477 1565 Heidel-

271 1583 560 1649 bergenfis
586 1583 875 1645 MedicuS,
905 1585 1165 1635 maxime
1192 1582 1539 1648 triumphat)
1567 1590 1622 1636 et
1647 1582 2047 1649 Theologastri
2072 1583 2480 1636 divinatricem

271 1654 662 1720 Astrologiam
681 1661 745 1706 ut
766 1661 820 1707 et
840 1655 1109 1720 religioni
1130 1654 1537 1708 adversantem
1552 1661 1607 1707 et
1621 1655 1901 1707 divinitus
1914 1653 2299 1707 interdictam.
2321 1654 2479 1707 Mihi

271 1741 414 1778 vero
443 1727 674 1778 videtur
703 1726 853 1778 nihil
885 1726 1391 1779 Christianismum
1421 1728 1610 1792 magis
1639 1741 1999 1792 oppugnare,
2033 1742 2216 1791 quam
2246 1725 2479 1778 infinita

272 1797 563 1850 coelorum
584 1804 638 1849 et
658 1797 905 1849 altitudo
921 1805 976 1850 et
989 1797 1351 1863 magnitudo,
1374 1796 1606 1861 Quibus
1621 1797 1693 1850 de
1707 1798 1882 1850 rebus
1898 1800 1962 1849 in
1975 1797 2303 1863 Astrologia
2314 1812 2477 1849 men·
2527 1812 2574 1848 20

271 1871 495 1921 tionem
509 1868 614 1921 abs
627 1875 683 1921 te
698 1867 842 1929 fieri,
864 1884 933 1921 ac
953 1872 1148 1934 potius
1166 1876 1437 1921 accurate
1452 1868 1584 1921 illas
1599 1868 1948 1934 quaestiones
1961 1866 2194 1921 tractari
2209 1875 2478 1934 oportere

272 1939 494 1993 cense0.
516 1938 971 1992 Praedidtionum
990 1939 1170 1992 fidem
1190 1947 1391 1993 autem
1404 1943 1665 1992 maxime
1679 1938 2030 1993 labefadlare
2043 1939 2317 1992 videntur
2330 1939 2477 2000 haec,

271 2027 407 2077 quae
433 2011 536 2063 tibi
562 2010 875 2063 refutanda
900 2010 1188 2076 relinqu0.
1218 2011 1378 2063 Nam
1398 2027 1496 2063 me
1517 2018 1571 2064 et
1590 2013 1897 2077 ingenium
1918 2018 1973 2063 et
1992 2009 2257 2064 doctrina
2278 2014 2342 2063 in
2364 2009 2479 2063 hoc

270 2097 483 2148 genere
504 2082 767 2135 destituit.
783 2077 805 2151 ΙΙ

354 2155 391 2206 1.
415 2153 829 2207 Controversia
849 2154 920 2206 de
941 2169 1193 2206 numero
1216 2160 1271 2206 et
1289 2160 1457 2207 motu
1478 2153 1783 2207 coelorum.
2509 2160 2592 2205 67r

341 2225 391 2278 2.
413 2225 506 2278 De
527 2232 694 2278 motu
713 2225 1105 2291 planetarum.

341 2296 391 2349 3.
413 2296 506 2349 De
527 2299 757 2349 ratione
778 2297 1161 2349 constituendi
1180 2296 1485 2350 Thematis
1506 2296 1790 2350 Natalitii.

340 2368 391 2420 4.
413 2368 660 2420 Diversa
674 2375 729 2420 et
743 2368 1060 2421 dissidentia
1074 2371 1467 2434 pronunciata
1481 2369 1552 2421 de
1568 2367 1866 2421 effectibus
1880 2366 2147 2420 fiderum.
2169 2366 2297 2419 Nec
2318 2369 2477 2419 enim

411 2439 641 2492 Arabes
662 2455 798 2492 cum
818 2439 1176 2492 Ptolemaica
1202 2438 1482 2501 dodlrina,
1509 2455 1618 2492 nec
1642 2439 1772 2492 Indi
1800 2439 1885 2504 (ut
1912 2453 1985 2490 ex
2004 2438 2476 2492 ABRAHAMO

413 2510 687 2576 coniJcio)
709 2526 846 2563 cum
865 2517 1253 2576 utrorumque
1275 2511 1644 2577 dogmatibus
1665 2510 2047 2563 consentiunt.
2525 2524 2573 2560 30

340 2583 391 2635 5.
412 2581 642 2635 Incerta
666 2598 986 2648 regnorum
1012 2589 1067 2635 et
1093 2583 1331 2635 urbium
1353 2585 1521 2635 initia
1542 2589 1597 2635 et
1616 2597 1971 2647 magnarum
1991 2580 2478 2648 conjundlionum

413 2660 468 2706 et
486 2656 871 2719 trigonorum.

341 2724 390 2777 6.
415 2724 828 2778 Gemellorum
846 2725 1077 2778 summa
1097 2724 1486 2778 dissimilitudo
1507 2725 1682 2778 rebus
1701 2724 2051 2790 plerumque
2072 2724 2365 2776 omnibuS.

340 2796 391 2849 7.
413 2796 709 2849 Incertum
722 2804 1093 2849 momentum
1107 2796 1349 2849 infantis
1364 2797 1517 2858 editi,
1540 2803 1594 2849 et
1607 2799 1846 2850 incertae
1861 2795 2187 2861 corrigendi
2200 2797 2474 2848 rationes,

341 2866 504 2919 Nam
518 2875 734 2933 quotus
750 2868 991 2933 quisque
1006 2867 1182 2920 stellae
1196 2868 1447 2920 alicuius
1461 2868 1833 2921 altitudinem
1847 2865 2146 2920 observat?
2165 2866 2474 2919 Ptolemai-
2524 2881 2571 2917 ³⁵

270 2952 368 2990 cas
389 2946 589 2991 autem
615 2944 662 2999 0‘
687 2946 742 2991 et
766 2937 847 3007 00,
870 2946 925 2992 et
938 2939 1347 2992 HERMETIS
1361 2942 1643 2992 trutinam
1656 2954 2011 3005 magnorum
2026 2953 2293 2990 errorum
2308 2944 2364 2990 et
2376 2936 2475 2990 ab·

268 3008 613 3062 surditatum
634 3013 927 3063 convincit
947 3010 1369 3064 ANTONIUS
1390 3010 1965 3064 MONCULMIUS.
1993 3009 2121 3062 Iam
2141 3008 2305 3062 casus
2325 3008 2476 3061 alios

270 3080 369 3146 alij
393 3080 469 3133 ad
489 3080 639 3133 alios
660 3081 1072 3146 fignificatores
1092 3082 1368 3143 referunt,
1398 3090 1453 3134 et
1473 3081 1679 3134 diverfi
1700 3088 1944 3134 eventus
1965 3080 2257 3133 diversum
2277 3080 2474 3132 Horo-

268 3150 508 3217 scopum
521 3154 585 3203 in
598 3168 734 3204 mea
749 3153 964 3205 Genesi
977 3153 1246 3217 plurimis
1260 3153 1577 3219 insignibus
1596 3153 1950 3218 infortuniJ’S‚
1972 3151 2277 3204 nonnullis
2298 3153 2476 3204 etiam

268 3221 603 3275 successibus
623 3223 946 3284 nobilitata,
968 3223 1296 3276 ostendunt:
1319 3225 1390 3276 Et
1410 3227 1472 3276 in
1491 3224 1974 3289 progressionibus
1988 3223 2084 3275 vel
2103 3222 2367 3275 adhibita
2378 3222 2474 3274 vel
2522 3236 2570 3272 40

270 3295 468 3347 omissa
486 3294 734 3347 latitudo
756 3302 1046 3359 quantum
1064 3295 1370 3347 discrimen
1386 3294 1558 3348 facit?
1579 3295 1739 3358 Quid
1752 3310 1895 3348 vero
1910 3294 1982 3347 de
1997 3292 2472 3347 CAMERARIO

269 3365 445 3428 dicaS,
474 3367 604 3418 viro
634 3366 1022 3427 eruditiBimO,
1051 3366 1335 3430 mihique,
1366 3366 1509 3418 dum
1536 3369 1775 3426 viveret,
1805 3366 2376 3487 amicissimof-Iquiset
2401 3364 2473 3416 de

2190 3450 2297 3487 oro
2322 3450 2472 3501 copo
