<?xml version="1.0" encoding="UTF-8"?>
<!DOCTYPE html PUBLIC "-//W3C//DTD XHTML 1.0 Transitional//EN"
    "http://www.w3.org/TR/xhtml1/DTD/xhtml1-transitional.dtd">
<html xmlns="http://www.w3.org/1999/xhtml" xml:lang="en" lang="en">
 <head>
  <title>
</title>
<meta http-equiv="Content-Type" content="text/html;charset=utf-8" />
  <meta name='ocr-system' content='tesseract 3.04.00' />
  <meta name='ocr-capabilities' content='ocr_page ocr_carea ocr_par ocr_line ocrx_word'/>
</head>
<body>
  <div class='ocr_page' id='page_1' title='image "./operaomniaedidit07brahuoft_0242.png"; bbox 0 0 2644 4030; ppageno 0'>
   <div class='ocr_carea' id='block_1_1' title="bbox 247 298 1918 358">
    <p class='ocr_par' dir='ltr' id='par_1_1' title="bbox 247 298 1918 358">
     <span class='ocr_line' id='line_1_1' title="bbox 247 298 1918 358; baseline -0.002 -1"><span class='ocrx_word' id='word_1_1' title='bbox 247 305 351 358; x_wconf 88' lang='lat'><strong>228</strong></span> <span class='ocrx_word' id='word_1_2' title='bbox 780 299 1220 356; x_wconf 89' lang='lat' dir='ltr'>EPISTOLAE</span> <span class='ocrx_word' id='word_1_3' title='bbox 1245 298 1918 355; x_wconf 89' lang='lat' dir='ltr'><strong>ASTRONOMICAE</strong></span> 
     </span>
    </p>
   </div>
   <div class='ocr_carea' id='block_1_2' title="bbox 1066 440 1622 497">
    <p class='ocr_par' dir='ltr' id='par_1_2' title="bbox 1066 440 1622 497">
     <span class='ocr_line' id='line_1_2' title="bbox 1066 440 1622 497; baseline -0.002 -1"><span class='ocrx_word' id='word_1_4' title='bbox 1066 443 1261 497; x_wconf 91' lang='lat' dir='ltr'>POST</span> <span class='ocrx_word' id='word_1_5' title='bbox 1286 440 1622 496; x_wconf 88' lang='lat' dir='ltr'>SCRIPTA.</span> 
     </span>
    </p>
   </div>
   <div class='ocr_carea' id='block_1_3' title="bbox 246 525 2459 2444">
    <p class='ocr_par' dir='ltr' id='par_1_3' title="bbox 376 525 2444 593">
     <span class='ocr_line' id='line_1_3' title="bbox 376 525 2444 593; baseline -0.001 -12"><span class='ocrx_word' id='word_1_6' title='bbox 376 528 506 581; x_wconf 94' lang='lat' dir='ltr'><strong>UM</strong></span> <span class='ocrx_word' id='word_1_7' title='bbox 527 543 599 580; x_wconf 94' lang='lat' dir='ltr'><strong>eo</strong></span> <span class='ocrx_word' id='word_1_8' title='bbox 618 527 740 593; x_wconf 90' lang='lat' dir='ltr'><strong>ipso</strong></span> <span class='ocrx_word' id='word_1_9' title='bbox 760 527 871 587; x_wconf 92' lang='lat' dir='ltr'><strong>die,</strong></span> <span class='ocrx_word' id='word_1_10' title='bbox 898 542 1018 591; x_wconf 95' lang='lat' dir='ltr'><strong>quo</strong></span> <span class='ocrx_word' id='word_1_11' title='bbox 1044 525 1154 579; x_wconf 91' lang='lat' dir='ltr'><strong>has</strong></span> <span class='ocrx_word' id='word_1_12' title='bbox 1179 525 1376 579; x_wconf 87' lang='lat' dir='ltr'><strong>literas</strong></span> <span class='ocrx_word' id='word_1_13' title='bbox 1400 539 1537 578; x_wconf 93' lang='lat' dir='ltr'><strong>meo</strong></span> <span class='ocrx_word' id='word_1_14' title='bbox 1557 525 1922 579; x_wconf 89' lang='lat' dir='ltr'><strong>Amanuenfi</strong></span> <span class='ocrx_word' id='word_1_15' title='bbox 1942 526 2018 579; x_wconf 93' lang='lat' dir='ltr'><strong>ad</strong></span> <span class='ocrx_word' id='word_1_16' title='bbox 2036 526 2329 578; x_wconf 90' lang='lat' dir='ltr'><strong>mundum</strong></span> <span class='ocrx_word' id='word_1_17' title='bbox 2349 525 2444 578; x_wconf 92' lang='lat' dir='ltr'><strong>de-</strong></span> 
     </span>
    </p>

    <p class='ocr_par' dir='ltr' id='par_1_4' title="bbox 246 597 2459 2444">
     <span class='ocr_line' id='line_1_4' title="bbox 400 597 2445 662; baseline -0.001 -11"><span class='ocrx_word' id='word_1_18' title='bbox 400 599 729 651; x_wconf 91' lang='lat' dir='ltr'><strong>scribendas</strong></span> <span class='ocrx_word' id='word_1_19' title='bbox 757 597 1119 659; x_wconf 90' lang='lat' dir='ltr'><strong>tradidissem,</strong></span> <span class='ocrx_word' id='word_1_20' title='bbox 1149 600 1303 650; x_wconf 89' lang='lat' dir='ltr'><strong>circa</strong></span> <span class='ocrx_word' id='word_1_21' title='bbox 1329 597 1599 662; x_wconf 90' lang='lat' dir='ltr'><strong>vesperas</strong></span> <span class='ocrx_word' id='word_1_22' title='bbox 1623 597 1871 649; x_wconf 90' lang='lat' dir='ltr'><strong>Veneris</strong></span> <span class='ocrx_word' id='word_1_23' title='bbox 1897 613 1935 649; x_wconf 94' lang='lat' dir='ltr'><strong>a</strong></span> <span class='ocrx_word' id='word_1_24' title='bbox 1960 597 2095 650; x_wconf 92' lang='lat' dir='ltr'><strong>Sole</strong></span> <span class='ocrx_word' id='word_1_25' title='bbox 2125 597 2445 662; x_wconf 85' lang='lat' dir='ltr'><strong>digressioni</strong></span> 
     </span>
     <span class='ocr_line' id='line_1_5' title="bbox 246 668 2447 732; baseline -0.001 -10"><span class='ocrx_word' id='word_1_26' title='bbox 246 673 525 723; x_wconf 86' lang='lat' dir='ltr'><strong>maximae</strong></span> <span class='ocrx_word' id='word_1_27' title='bbox 549 668 928 722; x_wconf 84' lang='lat' dir='ltr'><strong>observandae</strong></span> <span class='ocrx_word' id='word_1_28' title='bbox 954 669 1338 730; x_wconf 84' lang='lat' dir='ltr'><strong>intenderem,</strong></span> <span class='ocrx_word' id='word_1_29' title='bbox 1366 684 1498 720; x_wconf 92' lang='lat' dir='ltr'><strong>ecce</strong></span> <span class='ocrx_word' id='word_1_30' title='bbox 1520 668 1796 721; x_wconf 89' lang='lat' dir='ltr'><strong>Cometes</strong></span> <span class='ocrx_word' id='word_1_31' title='bbox 1823 668 2066 732; x_wconf 92' lang='lat' dir='ltr'><strong>quidam</strong></span> <span class='ocrx_word' id='word_1_32' title='bbox 2092 668 2168 721; x_wconf 91' lang='lat' dir='ltr'><strong>ad</strong></span> <span class='ocrx_word' id='word_1_33' title='bbox 2194 668 2447 720; x_wconf 90' lang='lat' dir='ltr'><strong>eandem</strong></span> 
     </span>
     <span class='ocr_line' id='line_1_6' title="bbox 248 738 2447 805; baseline -0.001 -12"><span class='ocrx_word' id='word_1_34' title='bbox 248 741 383 794; x_wconf 90' lang='lat' dir='ltr'><strong>coeli</strong></span> <span class='ocrx_word' id='word_1_35' title='bbox 412 741 720 793; x_wconf 88' lang='lat' dir='ltr'>occiduam</span> <span class='ocrx_word' id='word_1_36' title='bbox 747 740 983 805; x_wconf 80' lang='lat' dir='ltr'>plagam</span> <span class='ocrx_word' id='word_1_37' title='bbox 1011 755 1083 791; x_wconf 90' lang='lat' dir='ltr'><strong>ex</strong></span> <span class='ocrx_word' id='word_1_38' title='bbox 1108 739 1425 804; x_wconf 88' lang='lat' dir='ltr'><strong>improviso</strong></span> <span class='ocrx_word' id='word_1_39' title='bbox 1452 742 1739 804; x_wconf 87' lang='lat' dir='ltr'><strong>apparuit,</strong></span> <span class='ocrx_word' id='word_1_40' title='bbox 1770 740 2022 804; x_wconf 92' lang='lat' dir='ltr'><strong>ideoque</strong></span> <span class='ocrx_word' id='word_1_41' title='bbox 2052 739 2221 791; x_wconf 90' lang='lat' dir='ltr'><strong>hasce</strong></span> <span class='ocrx_word' id='word_1_42' title='bbox 2249 738 2447 791; x_wconf 87' lang='lat' dir='ltr'><strong>literas</strong></span> 
     </span>
     <span class='ocr_line' id='line_1_7' title="bbox 247 809 2448 875; baseline -0.001 -10"><span class='ocrx_word' id='word_1_43' title='bbox 247 816 471 865; x_wconf 91' lang='lat' dir='ltr'><strong>interea</strong></span> <span class='ocrx_word' id='word_1_44' title='bbox 498 827 735 864; x_wconf 92' lang='lat' dir='ltr'><strong>mecum</strong></span> <span class='ocrx_word' id='word_1_45' title='bbox 762 811 1142 863; x_wconf 91' lang='lat' dir='ltr'><strong>reservandas</strong></span> <span class='ocrx_word' id='word_1_46' title='bbox 1172 811 1330 872; x_wconf 90' lang='lat' dir='ltr'><strong>duxi,</strong></span> <span class='ocrx_word' id='word_1_47' title='bbox 1361 811 1549 863; x_wconf 90' lang='lat' dir='ltr'><strong>donec</strong></span> <span class='ocrx_word' id='word_1_48' title='bbox 1578 825 1786 863; x_wconf 92' lang='lat' dir='ltr'><strong>omnes</strong></span> <span class='ocrx_word' id='word_1_49' title='bbox 1816 810 1971 863; x_wconf 88' lang='lat' dir='ltr'><strong>istius</strong></span> <span class='ocrx_word' id='word_1_50' title='bbox 2000 810 2219 875; x_wconf 88' lang='lat' dir='ltr'><strong>ascititij</strong></span> <span class='ocrx_word' id='word_1_51' title='bbox 2252 809 2448 862; x_wconf 83' lang='lat' dir='ltr'><strong>fideris</strong></span> 
     </span>
     <span class='ocr_line' id='line_1_8' title="bbox 248 880 2448 948; baseline -0.001 -13"><span class='ocrx_word' id='word_1_52' title='bbox 248 885 623 948; x_wconf 88' lang='lat' dir='ltr'><strong>apparentias</strong></span> <span class='ocrx_word' id='word_1_53' title='bbox 638 882 867 935; x_wconf 89' lang='lat' dir='ltr'><strong>coelitus</strong></span> <span class='ocrx_word' id='word_1_54' title='bbox 880 897 985 946; x_wconf 91' lang='lat' dir='ltr'><strong>per</strong></span> <span class='ocrx_word' id='word_1_55' title='bbox 998 888 1183 934; x_wconf 89' lang='lat' dir='ltr'><strong>totam</strong></span> <span class='ocrx_word' id='word_1_56' title='bbox 1197 884 1324 934; x_wconf 90' lang='lat' dir='ltr'><strong>eius</strong></span> <span class='ocrx_word' id='word_1_57' title='bbox 1339 882 1713 934; x_wconf 88' lang='lat' dir='ltr'><strong>durationem</strong></span> <span class='ocrx_word' id='word_1_58' title='bbox 1727 887 1998 934; x_wconf 91' lang='lat' dir='ltr'><strong>accurate</strong></span> <span class='ocrx_word' id='word_1_59' title='bbox 2013 880 2288 934; x_wconf 67' lang='lat' dir='ltr'><strong>deductas</strong></span> <span class='ocrx_word' id='word_1_60' title='bbox 2298 880 2448 933; x_wconf 92' lang='lat' dir='ltr'><strong>scru-</strong></span> 
     </span>
     <span class='ocr_line' id='line_1_9' title="bbox 247 952 2450 1017; baseline -0.001 -10"><span class='ocrx_word' id='word_1_61' title='bbox 247 961 401 1007; x_wconf 93' lang='lat' dir='ltr'><strong>tatus</strong></span> <span class='ocrx_word' id='word_1_62' title='bbox 428 956 612 1015; x_wconf 89' lang='lat' dir='ltr'><strong>essem,</strong></span> <span class='ocrx_word' id='word_1_63' title='bbox 642 960 702 1006; x_wconf 92' lang='lat' dir='ltr'><strong>ut</strong></span> <span class='ocrx_word' id='word_1_64' title='bbox 727 969 865 1005; x_wconf 92' lang='lat' dir='ltr'><strong>mea</strong></span> <span class='ocrx_word' id='word_1_65' title='bbox 891 956 1068 1005; x_wconf 92' lang='lat' dir='ltr'><strong>etiam</strong></span> <span class='ocrx_word' id='word_1_66' title='bbox 1093 956 1351 1013; x_wconf 91' lang='lat' dir='ltr'><strong>inventa,</strong></span> <span class='ocrx_word' id='word_1_67' title='bbox 1380 969 1453 1005; x_wconf 92' lang='lat' dir='ltr'><strong>ex</strong></span> <span class='ocrx_word' id='word_1_68' title='bbox 1479 969 1599 1017; x_wconf 93' lang='lat' dir='ltr'><strong>quo</strong></span> <span class='ocrx_word' id='word_1_69' title='bbox 1618 953 1796 1005; x_wconf 92' lang='lat' dir='ltr'><strong>sciam</strong></span> <span class='ocrx_word' id='word_1_70' title='bbox 1814 959 1870 1005; x_wconf 91' lang='lat' dir='ltr'><strong>te</strong></span> <span class='ocrx_word' id='word_1_71' title='bbox 1889 952 2103 1006; x_wconf 89' lang='lat' dir='ltr'><strong>talibus</strong></span> <span class='ocrx_word' id='word_1_72' title='bbox 2125 952 2450 1017; x_wconf 92' lang='lat' dir='ltr'><strong>plurimum</strong></span> 
     </span>
     <span class='ocr_line' id='line_1_10' title="bbox 249 1023 2449 1089; baseline -0.001 -11"><span class='ocrx_word' id='word_1_73' title='bbox 249 1025 420 1086; x_wconf 89' lang='lat' dir='ltr'><strong>affici,</strong></span> <span class='ocrx_word' id='word_1_74' title='bbox 460 1027 584 1077; x_wconf 81' lang='lat' dir='ltr'><strong>una</strong></span> <span class='ocrx_word' id='word_1_75' title='bbox 620 1024 1082 1077; x_wconf 84' lang='lat' dir='ltr'><strong>transmitterem.</strong></span> <span class='ocrx_word' id='word_1_76' title='bbox 1121 1024 1341 1077; x_wconf 91' lang='lat' dir='ltr'><strong>Addidi</strong></span> <span class='ocrx_word' id='word_1_77' title='bbox 1377 1027 1577 1089; x_wconf 91' lang='lat' dir='ltr'><strong>itaque</strong></span> <span class='ocrx_word' id='word_1_78' title='bbox 1614 1023 1854 1076; x_wconf 90' lang='lat' dir='ltr'><strong>brevem</strong></span> <span class='ocrx_word' id='word_1_79' title='bbox 1893 1023 2149 1076; x_wconf 92' lang='lat' dir='ltr'><strong>eiusdem</strong></span> <span class='ocrx_word' id='word_1_80' title='bbox 2182 1023 2449 1076; x_wconf 89' lang='lat' dir='ltr'><strong>Cometae</strong></span> 
     </span>
     <span class='ocr_line' id='line_1_11' title="bbox 250 1094 2448 1161; baseline -0.002 -11"><span class='ocrx_word' id='word_1_81' title='bbox 250 1097 709 1161; x_wconf 84' lang='lat' dir='ltr'><strong>descriptionem,</strong></span> <span class='ocrx_word' id='word_1_82' title='bbox 749 1096 989 1161; x_wconf 90' lang='lat' dir='ltr'><strong>qualem</strong></span> <span class='ocrx_word' id='word_1_83' title='bbox 1022 1095 1383 1148; x_wconf 88' lang='lat' dir='ltr'><strong>illustrissimo</strong></span> <span class='ocrx_word' id='word_1_84' title='bbox 1419 1111 1657 1160; x_wconf 89' lang='lat' dir='ltr'><strong>quoque</strong></span> <span class='ocrx_word' id='word_1_85' title='bbox 1692 1095 1945 1160; x_wconf 91' lang='lat' dir='ltr'><strong>Principi</strong></span> <span class='ocrx_word' id='word_1_86' title='bbox 1978 1094 2448 1155; x_wconf 91' lang='lat' dir='ltr'><strong>WILHELMO,</strong></span> 
     </span>
     <span class='ocr_line' id='line_1_12' title="bbox 250 1165 2451 1233; baseline -0.001 -13"><span class='ocrx_word' id='word_1_87' title='bbox 250 1169 465 1220; x_wconf 88' lang='lat' dir='ltr'><strong>Hassiae</strong></span> <span class='ocrx_word' id='word_1_88' title='bbox 492 1167 880 1233; x_wconf 71' lang='lat' dir='ltr'><strong>LandgraviQ</strong></span> <span class='ocrx_word' id='word_1_89' title='bbox 910 1182 1100 1231; x_wconf 86' lang='lat' dir='ltr'><strong>nuper</strong></span> <span class='ocrx_word' id='word_1_90' title='bbox 1127 1167 1240 1219; x_wconf 89' lang='lat' dir='ltr'><strong>hac</strong></span> <span class='ocrx_word' id='word_1_91' title='bbox 1267 1167 1338 1219; x_wconf 93' lang='lat' dir='ltr'><strong>de</strong></span> <span class='ocrx_word' id='word_1_92' title='bbox 1365 1182 1427 1219; x_wconf 92' lang='lat' dir='ltr'><strong>re</strong></span> <span class='ocrx_word' id='word_1_93' title='bbox 1453 1167 1705 1219; x_wconf 91' lang='lat' dir='ltr'><strong>scribens</strong></span> <span class='ocrx_word' id='word_1_94' title='bbox 1731 1168 2182 1219; x_wconf 87' lang='lat' dir='ltr'><strong>communicavi.</strong></span> <span class='ocrx_word' id='word_1_95' title='bbox 2213 1165 2451 1218; x_wconf 88' lang='lat' dir='ltr'><strong>Plenius</strong></span> 
     </span>
     <span class='ocr_line' id='line_1_13' title="bbox 250 1237 2450 1304; baseline -0.001 -13"><span class='ocrx_word' id='word_1_96' title='bbox 250 1240 322 1292; x_wconf 92' lang='lat' dir='ltr'><strong>de</strong></span> <span class='ocrx_word' id='word_1_97' title='bbox 344 1240 554 1291; x_wconf 91' lang='lat' dir='ltr'><strong>eodem</strong></span> <span class='ocrx_word' id='word_1_98' title='bbox 572 1242 741 1291; x_wconf 92' lang='lat' dir='ltr'><strong>tertio</strong></span> <span class='ocrx_word' id='word_1_99' title='bbox 761 1239 954 1291; x_wconf 88' lang='lat' dir='ltr'><strong>nostro</strong></span> <span class='ocrx_word' id='word_1_100' title='bbox 974 1237 1166 1290; x_wconf 91' lang='lat' dir='ltr'><strong>Tomo</strong></span> <span class='ocrx_word' id='word_1_101' title='bbox 1187 1253 1377 1304; x_wconf 92' lang='lat' dir='ltr'><strong>agam.</strong></span> <span class='ocrx_word' id='word_1_102' title='bbox 1405 1238 1528 1290; x_wconf 90' lang='lat' dir='ltr'><strong>Illic</strong></span> <span class='ocrx_word' id='word_1_103' title='bbox 1555 1240 1715 1290; x_wconf 89' lang='lat' dir='ltr'><strong>enim</strong></span> <span class='ocrx_word' id='word_1_104' title='bbox 1739 1237 1900 1290; x_wconf 91' lang='lat' dir='ltr'><strong>hunc</strong></span> <span class='ocrx_word' id='word_1_105' title='bbox 1925 1237 2219 1303; x_wconf 91' lang='lat' dir='ltr'><strong>prioribus</strong></span> <span class='ocrx_word' id='word_1_106' title='bbox 2244 1237 2450 1290; x_wconf 90' lang='lat' dir='ltr'><strong>adiun-</strong></span> 
     </span>
     <span class='ocr_line' id='line_1_14' title="bbox 250 1307 2452 1377; baseline -0.001 -14"><span class='ocrx_word' id='word_1_107' title='bbox 250 1327 383 1377; x_wconf 89' lang='lat' dir='ltr'><strong>gere</strong></span> <span class='ocrx_word' id='word_1_108' title='bbox 405 1310 723 1375; x_wconf 92' lang='lat' dir='ltr'><strong>omnesque</strong></span> <span class='ocrx_word' id='word_1_109' title='bbox 745 1313 873 1362; x_wconf 92' lang='lat' dir='ltr'><strong>eius</strong></span> <span class='ocrx_word' id='word_1_110' title='bbox 893 1312 1285 1375; x_wconf 81' lang='lat' dir='ltr'><strong>apparentiaS‚</strong></span> <span class='ocrx_word' id='word_1_111' title='bbox 1308 1310 1587 1375; x_wconf 91' lang='lat' dir='ltr'><strong>quodque</strong></span> <span class='ocrx_word' id='word_1_112' title='bbox 1608 1311 1856 1361; x_wconf 91' lang='lat' dir='ltr'><strong>omnino</strong></span> <span class='ocrx_word' id='word_1_113' title='bbox 1876 1308 2170 1361; x_wconf 89' lang='lat' dir='ltr'><strong>Parallaxi</strong></span> <span class='ocrx_word' id='word_1_114' title='bbox 2191 1307 2452 1361; x_wconf 90' lang='lat' dir='ltr'><strong>destitue-</strong></span> 
     </span>
     <span class='ocr_line' id='line_1_15' title="bbox 250 1379 2452 1447; baseline -0.002 -12"><span class='ocrx_word' id='word_1_115' title='bbox 250 1384 437 1443; x_wconf 91' lang='lat' dir='ltr'><strong>batur,</strong></span> <span class='ocrx_word' id='word_1_116' title='bbox 472 1398 503 1434; x_wconf 92' lang='lat' dir='ltr'><strong>e</strong></span> <span class='ocrx_word' id='word_1_117' title='bbox 536 1382 956 1447; x_wconf 92' lang='lat' dir='ltr'><strong>multiplicibus</strong></span> <span class='ocrx_word' id='word_1_118' title='bbox 989 1387 1043 1433; x_wconf 92' lang='lat' dir='ltr'><strong>et</strong></span> <span class='ocrx_word' id='word_1_119' title='bbox 1075 1383 1243 1434; x_wconf 88' lang='lat' dir='ltr'><strong>certis</strong></span> <span class='ocrx_word' id='word_1_120' title='bbox 1275 1380 1776 1434; x_wconf 91' lang='lat' dir='ltr'><strong>observationibus</strong></span> <span class='ocrx_word' id='word_1_121' title='bbox 1807 1380 2181 1433; x_wconf 91' lang='lat' dir='ltr'><strong>Geometrice</strong></span> <span class='ocrx_word' id='word_1_122' title='bbox 2210 1379 2452 1432; x_wconf 91' lang='lat' dir='ltr'><strong>demon-</strong></span> 
     </span>
     <span class='ocr_line' id='line_1_16' title="bbox 251 1451 2452 1518; baseline -0.002 -12"><span class='ocrx_word' id='word_1_123' title='bbox 251 1454 424 1506; x_wconf 83' lang='lat' dir='ltr'><strong>strare</strong></span> <span class='ocrx_word' id='word_1_124' title='bbox 446 1453 731 1514; x_wconf 80' lang='lat' dir='ltr'><strong>constitui;</strong></span> <span class='ocrx_word' id='word_1_125' title='bbox 758 1456 994 1505; x_wconf 89' lang='lat' dir='ltr'><strong>interim</strong></span> <span class='ocrx_word' id='word_1_126' title='bbox 1015 1451 1125 1506; x_wconf 92' lang='lat' dir='ltr'><strong>has</strong></span> <span class='ocrx_word' id='word_1_127' title='bbox 1148 1452 1434 1518; x_wconf 91' lang='lat' dir='ltr'><strong>pauculas</strong></span> <span class='ocrx_word' id='word_1_128' title='bbox 1455 1453 1527 1504; x_wconf 91' lang='lat' dir='ltr'><strong>de</strong></span> <span class='ocrx_word' id='word_1_129' title='bbox 1548 1452 1758 1504; x_wconf 92' lang='lat' dir='ltr'><strong>eodem</strong></span> <span class='ocrx_word' id='word_1_130' title='bbox 1779 1454 1987 1504; x_wconf 92' lang='lat' dir='ltr'><strong>crinito</strong></span> <span class='ocrx_word' id='word_1_131' title='bbox 2007 1451 2188 1504; x_wconf 89' lang='lat' dir='ltr'><strong>fidere</strong></span> <span class='ocrx_word' id='word_1_132' title='bbox 2209 1465 2452 1515; x_wconf 89' lang='lat' dir='ltr'><strong>concep-</strong></span> 
     </span>
     <span class='ocr_line' id='line_1_17' title="bbox 251 1521 2455 1586; baseline -0.001 -9"><span class='ocrx_word' id='word_1_133' title='bbox 251 1528 458 1586; x_wconf 80' lang='lat' dir='ltr'><strong>tioneS,</strong></span> <span class='ocrx_word' id='word_1_134' title='bbox 480 1541 511 1577; x_wconf 93' lang='lat' dir='ltr'><strong>e</strong></span> <span class='ocrx_word' id='word_1_135' title='bbox 532 1526 672 1577; x_wconf 92' lang='lat' dir='ltr'><strong>ratis</strong></span> <span class='ocrx_word' id='word_1_136' title='bbox 685 1531 887 1577; x_wconf 93' lang='lat' dir='ltr'><strong>tamen</strong></span> <span class='ocrx_word' id='word_1_137' title='bbox 900 1523 1504 1576; x_wconf 78' lang='lat' dir='ltr'><strong>animadversionibus</strong></span> <span class='ocrx_word' id='word_1_138' title='bbox 1519 1523 1828 1583; x_wconf 82' lang='lat' dir='ltr'><strong>derivataS‚</strong></span> <span class='ocrx_word' id='word_1_139' title='bbox 1845 1523 1987 1575; x_wconf 92' lang='lat' dir='ltr'><strong>boni</strong></span> <span class='ocrx_word' id='word_1_140' title='bbox 2001 1522 2253 1575; x_wconf 88' lang='lat' dir='ltr'><strong>consule.</strong></span> <span class='ocrx_word' id='word_1_141' title='bbox 2277 1521 2455 1586; x_wconf 90' lang='lat' dir='ltr'><strong>Quod</strong></span> 
     </span>
     <span class='ocr_line' id='line_1_18' title="bbox 253 1593 2455 1661; baseline -0.002 -12"><span class='ocrx_word' id='word_1_142' title='bbox 253 1602 452 1650; x_wconf 91' lang='lat' dir='ltr'><strong>autem</strong></span> <span class='ocrx_word' id='word_1_143' title='bbox 463 1596 690 1649; x_wconf 87' lang='lat' dir='ltr'><strong>tamdiu</strong></span> <span class='ocrx_word' id='word_1_144' title='bbox 701 1612 738 1649; x_wconf 91' lang='lat' dir='ltr'><strong>a</strong></span> <span class='ocrx_word' id='word_1_145' title='bbox 747 1599 940 1661; x_wconf 92' lang='lat' dir='ltr'><strong>prima</strong></span> <span class='ocrx_word' id='word_1_146' title='bbox 949 1595 1256 1660; x_wconf 82' lang='lat' dir='ltr'><strong>scriptione</strong></span> <span class='ocrx_word' id='word_1_147' title='bbox 1268 1597 1570 1661; x_wconf 90' lang='lat' dir='ltr'><strong>negotium</strong></span> <span class='ocrx_word' id='word_1_148' title='bbox 1583 1593 1884 1659; x_wconf 87' lang='lat' dir='ltr'><strong>hucusque</strong></span> <span class='ocrx_word' id='word_1_149' title='bbox 1896 1594 2229 1655; x_wconf 83' lang='lat' dir='ltr'><strong>distulerim,</strong></span> <span class='ocrx_word' id='word_1_150' title='bbox 2243 1599 2455 1659; x_wconf 83' lang='lat' dir='ltr'><strong>praeter</strong></span> 
     </span>
     <span class='ocr_line' id='line_1_19' title="bbox 254 1664 2454 1733; baseline -0.001 -13"><span class='ocrx_word' id='word_1_151' title='bbox 254 1670 599 1733; x_wconf 89' lang='lat' dir='ltr'><strong>opinionem</strong></span> <span class='ocrx_word' id='word_1_152' title='bbox 618 1682 817 1719; x_wconf 93' lang='lat' dir='ltr'><strong>meam</strong></span> <span class='ocrx_word' id='word_1_153' title='bbox 836 1666 1054 1720; x_wconf 63' lang='lat' dir='ltr'><strong>saelum</strong></span> <span class='ocrx_word' id='word_1_154' title='bbox 1075 1666 1164 1719; x_wconf 83' lang='lat' dir='ltr'><strong>est.</strong></span> <span class='ocrx_word' id='word_1_155' title='bbox 1187 1667 1346 1719; x_wconf 90' lang='lat' dir='ltr'><strong>Licet</strong></span> <span class='ocrx_word' id='word_1_156' title='bbox 1360 1669 1520 1718; x_wconf 92' lang='lat' dir='ltr'><strong>enim</strong></span> <span class='ocrx_word' id='word_1_157' title='bbox 1535 1664 1963 1731; x_wconf 68' lang='lat' dir='ltr'><strong>expectandum</strong></span> <span class='ocrx_word' id='word_1_158' title='bbox 1978 1671 2116 1725; x_wconf 91' lang='lat' dir='ltr'><strong>erat,</strong></span> <span class='ocrx_word' id='word_1_159' title='bbox 2138 1665 2326 1718; x_wconf 91' lang='lat' dir='ltr'><strong>donec</strong></span> <span class='ocrx_word' id='word_1_160' title='bbox 2341 1664 2454 1717; x_wconf 93' lang='lat' dir='ltr'><strong>Co-</strong></span> 
     </span>
     <span class='ocr_line' id='line_1_20' title="bbox 254 1736 2454 1803; baseline -0.001 -13"><span class='ocrx_word' id='word_1_161' title='bbox 254 1745 438 1791; x_wconf 89' lang='lat' dir='ltr'><strong>metes</strong></span> <span class='ocrx_word' id='word_1_162' title='bbox 464 1738 562 1791; x_wconf 93' lang='lat' dir='ltr'><strong>ille</strong></span> <span class='ocrx_word' id='word_1_163' title='bbox 587 1738 820 1803; x_wconf 86' lang='lat' dir='ltr'><strong>prorsus</strong></span> <span class='ocrx_word' id='word_1_164' title='bbox 847 1738 1229 1798; x_wconf 89' lang='lat' dir='ltr'><strong>evanesceret,</strong></span> <span class='ocrx_word' id='word_1_165' title='bbox 1257 1738 1417 1802; x_wconf 90' lang='lat' dir='ltr'><strong>quod</strong></span> <span class='ocrx_word' id='word_1_166' title='bbox 1442 1737 1563 1802; x_wconf 82' lang='lat' dir='ltr'><strong>post</strong></span> <span class='ocrx_word' id='word_1_167' title='bbox 1582 1737 1807 1789; x_wconf 92' lang='lat' dir='ltr'><strong>sextum</strong></span> <span class='ocrx_word' id='word_1_168' title='bbox 1827 1737 1985 1789; x_wconf 92' lang='lat' dir='ltr'><strong>diem</strong></span> <span class='ocrx_word' id='word_1_169' title='bbox 2005 1737 2206 1801; x_wconf 88' lang='lat' dir='ltr'><strong>Martij</strong></span> <span class='ocrx_word' id='word_1_170' title='bbox 2230 1736 2454 1796; x_wconf 91' lang='lat' dir='ltr'><strong>accidit,</strong></span> 
     </span>
     <span class='ocr_line' id='line_1_21' title="bbox 256 1807 2455 1875; baseline -0.001 -13"><span class='ocrx_word' id='word_1_171' title='bbox 256 1817 311 1863; x_wconf 90' lang='lat' dir='ltr'><strong>et</strong></span> <span class='ocrx_word' id='word_1_172' title='bbox 336 1809 775 1875; x_wconf 90' lang='lat' dir='ltr'><strong>aliquantulum</strong></span> <span class='ocrx_word' id='word_1_173' title='bbox 800 1812 1081 1874; x_wconf 91' lang='lat' dir='ltr'><strong>temporis</strong></span> <span class='ocrx_word' id='word_1_174' title='bbox 1107 1810 1183 1861; x_wconf 94' lang='lat' dir='ltr'><strong>ad</strong></span> <span class='ocrx_word' id='word_1_175' title='bbox 1210 1811 1337 1861; x_wconf 92' lang='lat' dir='ltr'><strong>eius</strong></span> <span class='ocrx_word' id='word_1_176' title='bbox 1363 1809 1738 1862; x_wconf 91' lang='lat' dir='ltr'><strong>habitudines</strong></span> <span class='ocrx_word' id='word_1_177' title='bbox 1765 1824 1838 1860; x_wconf 91' lang='lat' dir='ltr'><strong>ex</strong></span> <span class='ocrx_word' id='word_1_178' title='bbox 1861 1807 2363 1860; x_wconf 91' lang='lat' dir='ltr'><strong>observationibus</strong></span> <span class='ocrx_word' id='word_1_179' title='bbox 2382 1809 2455 1859; x_wconf 90' lang='lat' dir='ltr'><strong>ri-</strong></span> 
     </span>
     <span class='ocr_line' id='line_1_22' title="bbox 254 1879 2457 1946; baseline -0.002 -12"><span class='ocrx_word' id='word_1_180' title='bbox 254 1882 505 1934; x_wconf 91' lang='lat' dir='ltr'><strong>mandas</strong></span> <span class='ocrx_word' id='word_1_181' title='bbox 533 1883 945 1946; x_wconf 90' lang='lat' dir='ltr'><strong>requireretur,</strong></span> <span class='ocrx_word' id='word_1_182' title='bbox 979 1881 1186 1932; x_wconf 92' lang='lat' dir='ltr'><strong>accidit</strong></span> <span class='ocrx_word' id='word_1_183' title='bbox 1213 1880 1464 1945; x_wconf 92' lang='lat' dir='ltr'><strong>insuper,</strong></span> <span class='ocrx_word' id='word_1_184' title='bbox 1497 1886 1561 1933; x_wconf 95' lang='lat' dir='ltr'><strong>ut</strong></span> <span class='ocrx_word' id='word_1_185' title='bbox 1591 1879 1778 1932; x_wconf 87' lang='lat' dir='ltr'><strong>statim</strong></span> <span class='ocrx_word' id='word_1_186' title='bbox 1805 1879 1926 1944; x_wconf 85' lang='lat' dir='ltr'><strong>post</strong></span> <span class='ocrx_word' id='word_1_187' title='bbox 1956 1879 2158 1945; x_wconf 90' lang='lat' dir='ltr'><strong>Martij</strong></span> <span class='ocrx_word' id='word_1_188' title='bbox 2192 1879 2457 1931; x_wconf 91' lang='lat' dir='ltr'><strong>medium</strong></span> 
     </span>
     <span class='ocr_line' id='line_1_23' title="bbox 256 1950 2456 2016; baseline -0.001 -12"><span class='ocrx_word' id='word_1_189' title='bbox 256 1953 511 2005; x_wconf 87' lang='lat' dir='ltr'><strong>Sereniss.</strong></span> <span class='ocrx_word' id='word_1_190' title='bbox 534 1952 843 2005; x_wconf 91' lang='lat' dir='ltr'><strong>Scotorum</strong></span> <span class='ocrx_word' id='word_1_191' title='bbox 863 1952 986 2004; x_wconf 86' lang='lat' dir='ltr'><strong>Rex</strong></span> <span class='ocrx_word' id='word_1_192' title='bbox 1006 1967 1143 2005; x_wconf 93' lang='lat' dir='ltr'><strong>cum</strong></span> <span class='ocrx_word' id='word_1_193' title='bbox 1161 1951 1463 2016; x_wconf 89' lang='lat' dir='ltr'><strong>splendido</strong></span> <span class='ocrx_word' id='word_1_194' title='bbox 1489 1951 1592 2003; x_wconf 94' lang='lat' dir='ltr'><strong>suo</strong></span> <span class='ocrx_word' id='word_1_195' title='bbox 1619 1954 1900 2004; x_wconf 89' lang='lat' dir='ltr'><strong>comitatu</strong></span> <span class='ocrx_word' id='word_1_196' title='bbox 1924 1965 2020 2003; x_wconf 91' lang='lat' dir='ltr'><strong>me</strong></span> <span class='ocrx_word' id='word_1_197' title='bbox 2046 1950 2144 2003; x_wconf 82' lang='lat' dir='ltr'><strong>hic</strong></span> <span class='ocrx_word' id='word_1_198' title='bbox 2169 1950 2456 2011; x_wconf 90' lang='lat' dir='ltr'><strong>inviseret,</strong></span> 
     </span>
     <span class='ocr_line' id='line_1_24' title="bbox 256 2022 2458 2089; baseline -0.001 -13"><span class='ocrx_word' id='word_1_199' title='bbox 256 2031 432 2088; x_wconf 90' lang='lat' dir='ltr'><strong>atque</strong></span> <span class='ocrx_word' id='word_1_200' title='bbox 463 2039 535 2075; x_wconf 89' lang='lat' dir='ltr'><strong>ex</strong></span> <span class='ocrx_word' id='word_1_201' title='bbox 565 2039 636 2075; x_wconf 93' lang='lat' dir='ltr'><strong>eo</strong></span> <span class='ocrx_word' id='word_1_202' title='bbox 665 2030 929 2088; x_wconf 91' lang='lat' dir='ltr'><strong>tempore</strong></span> <span class='ocrx_word' id='word_1_203' title='bbox 958 2039 1063 2089; x_wconf 92' lang='lat' dir='ltr'><strong>per</strong></span> <span class='ocrx_word' id='word_1_204' title='bbox 1091 2023 1318 2088; x_wconf 90' lang='lat' dir='ltr'><strong>aliquot</strong></span> <span class='ocrx_word' id='word_1_205' title='bbox 1347 2025 1661 2075; x_wconf 91' lang='lat' dir='ltr'><strong>continuos</strong></span> <span class='ocrx_word' id='word_1_206' title='bbox 1689 2022 1813 2074; x_wconf 91' lang='lat' dir='ltr'><strong>dies</strong></span> <span class='ocrx_word' id='word_1_207' title='bbox 1842 2022 2108 2087; x_wconf 90' lang='lat' dir='ltr'><strong>pluribus</strong></span> <span class='ocrx_word' id='word_1_208' title='bbox 2137 2023 2458 2087; x_wconf 89' lang='lat' dir='ltr'><strong>peregrinis</strong></span> 
     </span>
     <span class='ocr_line' id='line_1_25' title="bbox 255 2093 2458 2160; baseline -0.001 -13"><span class='ocrx_word' id='word_1_209' title='bbox 255 2094 575 2160; x_wconf 90' lang='lat' dir='ltr'><strong>hospitibus</strong></span> <span class='ocrx_word' id='word_1_210' title='bbox 591 2095 948 2159; x_wconf 87' lang='lat' dir='ltr'><strong>excipiendis</strong></span> <span class='ocrx_word' id='word_1_211' title='bbox 963 2109 1298 2158; x_wconf 90' lang='lat' dir='ltr'><strong>occuparer,</strong></span> <span class='ocrx_word' id='word_1_212' title='bbox 1312 2110 1431 2159; x_wconf 93' lang='lat' dir='ltr'><strong>quo</strong></span> <span class='ocrx_word' id='word_1_213' title='bbox 1445 2097 1645 2146; x_wconf 93' lang='lat' dir='ltr'><strong>minus</strong></span> <span class='ocrx_word' id='word_1_214' title='bbox 1657 2095 1952 2158; x_wconf 92' lang='lat' dir='ltr'><strong>inceptam</strong></span> <span class='ocrx_word' id='word_1_215' title='bbox 1965 2093 2144 2145; x_wconf 90' lang='lat' dir='ltr'><strong>telam</strong></span> <span class='ocrx_word' id='word_1_216' title='bbox 2157 2099 2458 2158; x_wconf 89' lang='lat' dir='ltr'><strong>pertexere</strong></span> 
     </span>
     <span class='ocr_line' id='line_1_26' title="bbox 256 2163 2457 2231; baseline -0.001 -13"><span class='ocrx_word' id='word_1_217' title='bbox 256 2167 498 2219; x_wconf 92' lang='lat' dir='ltr'><strong>licuerit.</strong></span> <span class='ocrx_word' id='word_1_218' title='bbox 527 2166 806 2231; x_wconf 91' lang='lat' dir='ltr'><strong>Hincque</strong></span> <span class='ocrx_word' id='word_1_219' title='bbox 826 2164 1046 2218; x_wconf 63' lang='lat' dir='ltr'><strong>saelum</strong></span> <span class='ocrx_word' id='word_1_220' title='bbox 1067 2166 1157 2227; x_wconf 86' lang='lat' dir='ltr'><strong>est,</strong></span> <span class='ocrx_word' id='word_1_221' title='bbox 1185 2166 1345 2231; x_wconf 92' lang='lat' dir='ltr'><strong>quod</strong></span> <span class='ocrx_word' id='word_1_222' title='bbox 1364 2166 1561 2218; x_wconf 91' lang='lat' dir='ltr'><strong>literas</strong></span> <span class='ocrx_word' id='word_1_223' title='bbox 1581 2165 1751 2218; x_wconf 90' lang='lat' dir='ltr'><strong>hasce</strong></span> <span class='ocrx_word' id='word_1_224' title='bbox 1772 2163 1953 2229; x_wconf 92' lang='lat' dir='ltr'><strong>usque</strong></span> <span class='ocrx_word' id='word_1_225' title='bbox 1973 2166 2036 2216; x_wconf 90' lang='lat' dir='ltr'><strong>in</strong></span> <span class='ocrx_word' id='word_1_226' title='bbox 2055 2164 2275 2216; x_wconf 87' lang='lat' dir='ltr'><strong>sextam</strong></span> <span class='ocrx_word' id='word_1_227' title='bbox 2294 2164 2457 2228; x_wconf 89' lang='lat' dir='ltr'><strong>septi-</strong></span> 
     </span>
     <span class='ocr_line' id='line_1_27' title="bbox 256 2234 2459 2302; baseline -0.001 -12"><span class='ocrx_word' id='word_1_228' title='bbox 256 2253 500 2290; x_wconf 93' lang='lat' dir='ltr'><strong>manam</strong></span> <span class='ocrx_word' id='word_1_229' title='bbox 513 2253 750 2290; x_wconf 90' lang='lat' dir='ltr'><strong>mecum</strong></span> <span class='ocrx_word' id='word_1_230' title='bbox 763 2240 1123 2297; x_wconf 88' lang='lat' dir='ltr'><strong>retinuerim,</strong></span> <span class='ocrx_word' id='word_1_231' title='bbox 1142 2237 1302 2302; x_wconf 90' lang='lat' dir='ltr'><strong>quod</strong></span> <span class='ocrx_word' id='word_1_232' title='bbox 1315 2237 1700 2289; x_wconf 90' lang='lat' dir='ltr'><strong>indicandum</strong></span> <span class='ocrx_word' id='word_1_233' title='bbox 1714 2236 1872 2296; x_wconf 92' lang='lat' dir='ltr'><strong>duxi,</strong></span> <span class='ocrx_word' id='word_1_234' title='bbox 1890 2251 1966 2288; x_wconf 90' lang='lat' dir='ltr'><strong>ne</strong></span> <span class='ocrx_word' id='word_1_235' title='bbox 1981 2241 2219 2288; x_wconf 92' lang='lat' dir='ltr'><strong>curtam</strong></span> <span class='ocrx_word' id='word_1_236' title='bbox 2233 2234 2459 2288; x_wconf 87' lang='lat' dir='ltr'><strong>diverso</strong></span> 
     </span>
     <span class='ocr_line' id='line_1_28' title="bbox 257 2306 2458 2374; baseline -0.001 -13"><span class='ocrx_word' id='word_1_237' title='bbox 257 2316 520 2374; x_wconf 88' lang='lat' dir='ltr'><strong>tempore</strong></span> <span class='ocrx_word' id='word_1_238' title='bbox 540 2308 670 2361; x_wconf 85' lang='lat' dir='ltr'><strong>haec</strong></span> <span class='ocrx_word' id='word_1_239' title='bbox 689 2309 1027 2369; x_wconf 89' lang='lat' dir='ltr'><strong>scribantur,</strong></span> <span class='ocrx_word' id='word_1_240' title='bbox 1054 2311 1368 2368; x_wconf 83' lang='lat' dir='ltr'><strong>mirareriS,</strong></span> <span class='ocrx_word' id='word_1_241' title='bbox 1395 2308 1490 2360; x_wconf 92' lang='lat' dir='ltr'><strong>sed</strong></span> <span class='ocrx_word' id='word_1_242' title='bbox 1516 2323 1750 2360; x_wconf 91' lang='lat' dir='ltr'><strong>moram</strong></span> <span class='ocrx_word' id='word_1_243' title='bbox 1768 2306 1924 2360; x_wconf 88' lang='lat' dir='ltr'><strong>hanc</strong></span> <span class='ocrx_word' id='word_1_244' title='bbox 1945 2322 2017 2359; x_wconf 95' lang='lat' dir='ltr'><strong>eo</strong></span> <span class='ocrx_word' id='word_1_245' title='bbox 2037 2309 2205 2359; x_wconf 91' lang='lat' dir='ltr'><strong>citius</strong></span> <span class='ocrx_word' id='word_1_246' title='bbox 2227 2306 2458 2359; x_wconf 88' lang='lat' dir='ltr'><strong>excusa-</strong></span> 
     </span>
     <span class='ocr_line' id='line_1_29' title="bbox 258 2378 2151 2444; baseline -0.002 -11"><span class='ocrx_word' id='word_1_247' title='bbox 258 2387 380 2433; x_wconf 92' lang='lat' dir='ltr'><strong>tam</strong></span> <span class='ocrx_word' id='word_1_248' title='bbox 399 2380 663 2433; x_wconf 86' lang='lat' dir='ltr'><strong>habereS.</strong></span> <span class='ocrx_word' id='word_1_249' title='bbox 687 2381 905 2432; x_wconf 90' lang='lat' dir='ltr'><strong>Iterum</strong></span> <span class='ocrx_word' id='word_1_250' title='bbox 924 2380 1074 2433; x_wconf 86' lang='lat' dir='ltr'><strong>vale.</strong></span> <span class='ocrx_word' id='word_1_251' title='bbox 1097 2380 1249 2433; x_wconf 85' lang='lat' dir='ltr'><strong>Haec</strong></span> <span class='ocrx_word' id='word_1_252' title='bbox 1268 2378 1663 2432; x_wconf 90' lang='lat' dir='ltr'><strong>scribebantur</strong></span> <span class='ocrx_word' id='word_1_253' title='bbox 1684 2385 1894 2444; x_wconf 91' lang='lat' dir='ltr'><strong>quarto</strong></span> <span class='ocrx_word' id='word_1_254' title='bbox 1914 2378 2151 2444; x_wconf 70' lang='lat' dir='ltr'><strong>Aprilis</strong></span> 
     </span>
    </p>
   </div>
   <div class='ocr_carea' id='block_1_4' title="bbox 261 2549 1364 2627">
    <p class='ocr_par' dir='ltr' id='par_1_5' title="bbox 261 2549 1364 2627">
     <span class='ocr_line' id='line_1_30' title="bbox 261 2549 1364 2627; baseline 0 -10"><span class='ocrx_word' id='word_1_255' title='bbox 261 2580 335 2625; x_wconf 87' lang='lat' dir='ltr'><strong>[Ex</strong></span> <span class='ocrx_word' id='word_1_256' title='bbox 354 2581 543 2626; x_wconf 87' lang='lat' dir='ltr'><strong>exemplo</strong></span> <span class='ocrx_word' id='word_1_257' title='bbox 564 2580 809 2617; x_wconf 83' lang='lat' dir='ltr'><strong>Hauniensi</strong></span> <span class='ocrx_word' id='word_1_258' title='bbox 828 2583 1000 2627; x_wconf 84' lang='lat' dir='ltr'><strong>excerpt.</strong></span> <span class='ocrx_word' id='word_1_259' title='bbox 1022 2549 1256 2627; x_wconf 75' lang='lat' dir='ltr'><strong>Langebek.</strong></span> <span class='ocrx_word' id='word_1_260' title='bbox 1281 2579 1364 2625; x_wconf 82' lang='lat'>178]</span> 
     </span>
    </p>
   </div>
   <div class='ocr_carea' id='block_1_5' title="bbox 519 2664 2193 2825">
    <p class='ocr_par' dir='ltr' id='par_1_6' title="bbox 519 2664 2193 2825">
     <span class='ocr_line' id='line_1_31' title="bbox 519 2664 2193 2742; baseline -0.001 0"><span class='ocrx_word' id='word_1_261' title='bbox 519 2668 916 2742; x_wconf 89' lang='lat' dir='ltr'>TYCHO</span> <span class='ocrx_word' id='word_1_262' title='bbox 961 2667 1344 2742; x_wconf 91' lang='lat' dir='ltr'><strong>BRAHE</strong></span> <span class='ocrx_word' id='word_1_263' title='bbox 1383 2667 1546 2741; x_wconf 92' lang='lat' dir='ltr'><strong>AD</strong></span> <span class='ocrx_word' id='word_1_264' title='bbox 1589 2664 2193 2742; x_wconf 89' lang='lat' dir='ltr'><strong>CASPARUM</strong></span> 
     </span>
     <span class='ocr_line' id='line_1_32' title="bbox 1131 2770 1785 2825; baseline 0 -1"><span class='ocrx_word' id='word_1_265' title='bbox 1131 2770 1590 2825; x_wconf 87' lang='lat' dir='ltr'><strong>PEUCERUM.</strong></span> <span class='ocrx_word' id='word_1_266' title='bbox 1783 2801 1785 2803; x_wconf 92' lang='lat'>-</span> 
     </span>
    </p>
   </div>
   <div class='ocr_carea' id='block_1_6' title="bbox 479 2858 2558 2932">
    <p class='ocr_par' dir='ltr' id='par_1_7' title="bbox 479 2858 2558 2932">
     <span class='ocr_line' id='line_1_33' title="bbox 479 2858 2558 2932; baseline 0.009 -32"><span class='ocrx_word' id='word_1_267' title='bbox 479 2880 502 2901; x_wconf 59' lang='lat' dir='ltr'><em>r</em></span> <span class='ocrx_word' id='word_1_268' title='bbox 569 2877 571 2879; x_wconf 96' lang='lat'>·</span> <span class='ocrx_word' id='word_1_269' title='bbox 585 2874 642 2921; x_wconf 47' lang='lat' dir='ltr'><strong>&#39;iai</strong></span> <span class='ocrx_word' id='word_1_270' title='bbox 709 2868 839 2920; x_wconf 86' lang='lat' dir='ltr'><strong>UM</strong></span> <span class='ocrx_word' id='word_1_271' title='bbox 853 2867 1035 2932; x_wconf 91' lang='lat' dir='ltr'><strong>paulo</strong></span> <span class='ocrx_word' id='word_1_272' title='bbox 1050 2873 1187 2920; x_wconf 91' lang='lat' dir='ltr'><strong>ante</strong></span> <span class='ocrx_word' id='word_1_273' title='bbox 1201 2866 1491 2927; x_wconf 83' lang='lat' dir='ltr'><strong>nostratia,</strong></span> <span class='ocrx_word' id='word_1_274' title='bbox 1506 2858 1642 2931; x_wconf 68' lang='lat' dir='ltr'><strong>qu&#39;ae</strong></span> <span class='ocrx_word' id='word_1_275' title='bbox 1654 2867 1972 2931; x_wconf 92' lang='lat' dir='ltr'><strong>quotannis</strong></span> <span class='ocrx_word' id='word_1_276' title='bbox 1984 2867 2137 2917; x_wconf 89' lang='lat' dir='ltr'><strong>circa</strong></span> <span class='ocrx_word' id='word_1_277' title='bbox 2148 2864 2462 2918; x_wconf 90' lang='lat' dir='ltr'><strong>Solstitium</strong></span> <span class='ocrx_word' id='word_1_278' title='bbox 2541 2880 2558 2900; x_wconf 86' lang='lat'><strong>¹·</strong></span> 
     </span>
    </p>
   </div>
   <div class='ocr_carea' id='block_1_7' title="bbox 262 2848 707 3279">
    <p class='ocr_par' dir='ltr' id='par_1_8' title="bbox 262 2848 707 3279">
     <span class='ocr_line' id='line_1_34' title="bbox 262 2848 707 2970; baseline 0 1060"><span class='ocrx_word' id='word_1_279' title='bbox 262 2848 707 2970; x_wconf 95' lang='lat' dir='ltr'><strong> </strong></span> 
     </span>
     <span class='ocr_line' id='line_1_35' title="bbox 262 2970 647 3202; baseline 0 0"><span class='ocrx_word' id='word_1_280' title='bbox 262 2970 647 3202; x_wconf 95' lang='lat' dir='ltr'><strong>   </strong></span> 
     </span>
     <span class='ocr_line' id='line_1_36' title="bbox 262 3202 639 3279; baseline 0 751"><span class='ocrx_word' id='word_1_281' title='bbox 262 3202 639 3279; x_wconf 95' lang='lat' dir='ltr'><strong> </strong></span> 
     </span>
    </p>
   </div>
   <div class='ocr_carea' id='block_1_8' title="bbox 268 2933 2464 3429">
    <p class='ocr_par' dir='ltr' id='par_1_9' title="bbox 268 2933 2464 3429">
     <span class='ocr_line' id='line_1_37' title="bbox 286 2933 2461 3008; baseline -0.002 -17"><span class='ocrx_word' id='word_1_282' title='bbox 286 2945 307 3006; x_wconf 62' lang='lat'><strong>{21-</strong></span> <span class='ocrx_word' id='word_1_283' title='bbox 344 2966 347 2968; x_wconf 88' lang='lat'><em>-</em></span> <span class='ocrx_word' id='word_1_284' title='bbox 395 2937 460 3008; x_wconf 50' lang='lat'><strong>“23</strong></span> <span class='ocrx_word' id='word_1_285' title='bbox 480 2961 595 2993; x_wconf 49' lang='lat' dir='ltr'>x</span> <span class='ocrx_word' id='word_1_286' title='bbox 625 2933 674 3006; x_wconf 62' lang='lat' dir='ltr'><strong>J}</strong></span> <span class='ocrx_word' id='word_1_287' title='bbox 708 2938 994 2991; x_wconf 78' lang='lat' dir='ltr'><strong>AEstivum</strong></span> <span class='ocrx_word' id='word_1_288' title='bbox 1012 2938 1395 2999; x_wconf 90' lang='lat' dir='ltr'><strong>celebrantur,</strong></span> <span class='ocrx_word' id='word_1_289' title='bbox 1416 2938 1675 2990; x_wconf 91' lang='lat' dir='ltr'><strong>Comitia</strong></span> <span class='ocrx_word' id='word_1_290' title='bbox 1689 2944 1838 2996; x_wconf 85' lang='lat' dir='ltr'><strong>tuas,</strong></span> <span class='ocrx_word' id='word_1_291' title='bbox 1860 2936 2323 2989; x_wconf 87' lang='lat' dir='ltr'><strong>excellentissime</strong></span> <span class='ocrx_word' id='word_1_292' title='bbox 2340 2935 2461 2988; x_wconf 89' lang='lat' dir='ltr'><strong>Do-</strong></span> 
     </span>
     <span class='ocr_line' id='line_1_38' title="bbox 285 2998 2462 3081; baseline -0.004 -15"><span class='ocrx_word' id='word_1_293' title='bbox 285 3008 315 3076; x_wconf 69' lang='grc' dir='ltr'><strong>Ῐ.;.,</strong></span> <span class='ocrx_word' id='word_1_294' title='bbox 384 3019 387 3028; x_wconf 69' lang='lat'><strong>²</strong></span> <span class='ocrx_word' id='word_1_295' title='bbox 404 3023 558 3081; x_wconf 53' lang='lat' dir='ltr'><strong>cs,</strong></span> <span class='ocrx_word' id='word_1_296' title='bbox 581 2998 674 3079; x_wconf 50' lang='lat'><strong>52¹3}</strong></span> <span class='ocrx_word' id='word_1_297' title='bbox 709 3013 868 3062; x_wconf 93' lang='lat' dir='ltr'><strong>mine</strong></span> <span class='ocrx_word' id='word_1_298' title='bbox 883 3010 957 3062; x_wconf 94' lang='lat' dir='ltr'><strong>D.</strong></span> <span class='ocrx_word' id='word_1_299' title='bbox 973 3009 1348 3071; x_wconf 87' lang='lat' dir='ltr'><strong>PEUCERE,</strong></span> <span class='ocrx_word' id='word_1_300' title='bbox 1370 3010 1703 3074; x_wconf 86' lang='lat' dir='ltr'><strong>accepissem</strong></span> <span class='ocrx_word' id='word_1_301' title='bbox 1719 3008 1933 3067; x_wconf 85' lang='lat' dir='ltr'><strong>literas,</strong></span> <span class='ocrx_word' id='word_1_302' title='bbox 1953 3014 2008 3060; x_wconf 92' lang='lat' dir='ltr'><strong>et</strong></span> <span class='ocrx_word' id='word_1_303' title='bbox 2024 3006 2171 3059; x_wconf 89' lang='lat' dir='ltr'><strong>mihi</strong></span> <span class='ocrx_word' id='word_1_304' title='bbox 2188 3006 2327 3059; x_wconf 91' lang='lat' dir='ltr'><strong>illuc</strong></span> <span class='ocrx_word' id='word_1_305' title='bbox 2340 3012 2462 3059; x_wconf 89' lang='lat' dir='ltr'><strong>tam</strong></span> 
     </span>
     <span class='ocr_line' id='line_1_39' title="bbox 376 3071 2461 3152; baseline -0.001 -21.08"><span class='ocrx_word' id='word_1_306' title='bbox 376 3098 390 3144; x_wconf 61' lang='lat' dir='ltr'><strong>x·.</strong></span> <span class='ocrx_word' id='word_1_307' title='bbox 427 3116 439 3131; x_wconf 73' lang='lat'><strong>.</strong></span> <span class='ocrx_word' id='word_1_308' title='bbox 448 3071 468 3093; x_wconf 46' lang='grc' dir='ltr'><strong><em>Γ</em></strong></span> <span class='ocrx_word' id='word_1_309' title='bbox 482 3083 521 3152; x_wconf 54' lang='lat' dir='ltr'>J</span> <span class='ocrx_word' id='word_1_310' title='bbox 536 3079 638 3149; x_wconf 46' lang='lat' dir='ltr'><strong>,³¹⁴2ss</strong></span> <span class='ocrx_word' id='word_1_311' title='bbox 647 3076 675 3147; x_wconf 62' lang='grc' dir='ltr'>ἶ</span> <span class='ocrx_word' id='word_1_312' title='bbox 710 3081 781 3133; x_wconf 90' lang='lat' dir='ltr'><strong>de</strong></span> <span class='ocrx_word' id='word_1_313' title='bbox 793 3097 957 3133; x_wconf 91' lang='lat' dir='ltr'><strong>more</strong></span> <span class='ocrx_word' id='word_1_314' title='bbox 970 3081 1368 3134; x_wconf 90' lang='lat' dir='ltr'><strong>anniversario</strong></span> <span class='ocrx_word' id='word_1_315' title='bbox 1381 3096 1562 3145; x_wconf 93' lang='lat' dir='ltr'><strong>quam</strong></span> <span class='ocrx_word' id='word_1_316' title='bbox 1574 3080 1733 3145; x_wconf 93' lang='lat' dir='ltr'><strong>quod</strong></span> <span class='ocrx_word' id='word_1_317' title='bbox 1746 3079 2021 3144; x_wconf 88' lang='lat' dir='ltr'><strong>quaedam</strong></span> <span class='ocrx_word' id='word_1_318' title='bbox 2035 3078 2253 3131; x_wconf 92' lang='lat' dir='ltr'><strong>ibidem</strong></span> <span class='ocrx_word' id='word_1_319' title='bbox 2265 3077 2461 3130; x_wconf 87' lang='lat' dir='ltr'><strong>tranfi-</strong></span> 
     </span>
     <span class='ocr_line' id='line_1_40' title="bbox 286 3148 2461 3233; baseline -0.002 -29"><span class='ocrx_word' id='word_1_320' title='bbox 286 3171 299 3178; x_wconf 53' lang='lat'><strong><em>⁴</em></strong></span> <span class='ocrx_word' id='word_1_321' title='bbox 408 3151 482 3222; x_wconf 47' lang='grc' dir='ltr'><strong>’ᾗ</strong></span> <span class='ocrx_word' id='word_1_322' title='bbox 592 3201 594 3203; x_wconf 89' lang='grc'>.</span> <span class='ocrx_word' id='word_1_323' title='bbox 621 3156 677 3233; x_wconf 56' lang='lat' dir='ltr'><strong>&#39;3‘ss</strong></span> <span class='ocrx_word' id='word_1_324' title='bbox 710 3152 900 3217; x_wconf 90' lang='lat' dir='ltr'><strong>genda</strong></span> <span class='ocrx_word' id='word_1_325' title='bbox 919 3152 1218 3214; x_wconf 90' lang='lat' dir='ltr'><strong>haberem,</strong></span> <span class='ocrx_word' id='word_1_326' title='bbox 1238 3153 1549 3204; x_wconf 88' lang='lat' dir='ltr'><strong>necessario</strong></span> <span class='ocrx_word' id='word_1_327' title='bbox 1566 3150 1968 3219; x_wconf 87' lang='lat' dir='ltr'><strong>accedendum</strong></span> <span class='ocrx_word' id='word_1_328' title='bbox 1983 3149 2148 3211; x_wconf 88' lang='lat' dir='ltr'><strong>foret,</strong></span> <span class='ocrx_word' id='word_1_329' title='bbox 2170 3148 2357 3202; x_wconf 86' lang='lat' dir='ltr'><strong>distuli</strong></span> <span class='ocrx_word' id='word_1_330' title='bbox 2377 3163 2461 3200; x_wconf 92' lang='lat' dir='ltr'><strong>re-</strong></span> 
     </span>
     <span class='ocr_line' id='line_1_41' title="bbox 358 3219 2462 3288; baseline -0.002 -12.165"><span class='ocrx_word' id='word_1_331' title='bbox 358 3227 373 3258; x_wconf 82' lang='grc'><strong>’-</strong></span> <span class='ocrx_word' id='word_1_332' title='bbox 415 3235 438 3241; x_wconf 70' lang='grc'><em>”</em></span> <span class='ocrx_word' id='word_1_333' title='bbox 509 3220 575 3261; x_wconf 58' lang='lat'><strong>72⁴</strong></span> <span class='ocrx_word' id='word_1_334' title='bbox 607 3231 675 3259; x_wconf 43' lang='grc' dir='ltr'><strong>’Ἀ</strong></span> <span class='ocrx_word' id='word_1_335' title='bbox 710 3223 1265 3288; x_wconf 85' lang='lat' dir='ltr'><strong>sponfionemusque</strong></span> <span class='ocrx_word' id='word_1_336' title='bbox 1275 3223 1350 3275; x_wconf 92' lang='lat' dir='ltr'><strong>ad</strong></span> <span class='ocrx_word' id='word_1_337' title='bbox 1358 3222 1609 3275; x_wconf 91' lang='lat' dir='ltr'><strong>reditum</strong></span> <span class='ocrx_word' id='word_1_338' title='bbox 1620 3237 1824 3274; x_wconf 91' lang='lat' dir='ltr'><strong>meum</strong></span> <span class='ocrx_word' id='word_1_339' title='bbox 1835 3227 1890 3273; x_wconf 91' lang='lat' dir='ltr'><strong>et</strong></span> <span class='ocrx_word' id='word_1_340' title='bbox 1901 3223 2250 3286; x_wconf 90' lang='lat' dir='ltr'><strong>quietiorem</strong></span> <span class='ocrx_word' id='word_1_341' title='bbox 2259 3222 2322 3272; x_wconf 91' lang='lat' dir='ltr'><strong>in</strong></span> <span class='ocrx_word' id='word_1_342' title='bbox 2332 3219 2462 3280; x_wconf 90' lang='lat' dir='ltr'><strong>hoc,</strong></span> 
     </span>
     <span class='ocr_line' id='line_1_42' title="bbox 268 3291 2464 3359; baseline -0.001 -14"><span class='ocrx_word' id='word_1_343' title='bbox 268 3294 428 3357; x_wconf 93' lang='lat' dir='ltr'><strong>quod</strong></span> <span class='ocrx_word' id='word_1_344' title='bbox 443 3308 637 3354; x_wconf 84' lang='lat' dir='ltr'><strong>vocaS‚</strong></span> <span class='ocrx_word' id='word_1_345' title='bbox 657 3294 1078 3359; x_wconf 83' lang='lat' dir='ltr'><strong>UranoscopiO,</strong></span> <span class='ocrx_word' id='word_1_346' title='bbox 1099 3294 1322 3347; x_wconf 78' lang='lat' dir='ltr'><strong>statum.</strong></span> <span class='ocrx_word' id='word_1_347' title='bbox 1344 3294 1572 3346; x_wconf 91' lang='lat' dir='ltr'><strong>Accidit</strong></span> <span class='ocrx_word' id='word_1_348' title='bbox 1588 3300 1804 3354; x_wconf 89' lang='lat' dir='ltr'><strong>autem,</strong></span> <span class='ocrx_word' id='word_1_349' title='bbox 1823 3299 1901 3353; x_wconf 90' lang='lat' dir='ltr'><strong>ut,</strong></span> <span class='ocrx_word' id='word_1_350' title='bbox 1919 3292 2063 3344; x_wconf 92' lang='lat' dir='ltr'><strong>dum</strong></span> <span class='ocrx_word' id='word_1_351' title='bbox 2080 3291 2371 3344; x_wconf 87' lang='lat' dir='ltr'><strong>Hafniam</strong></span> <span class='ocrx_word' id='word_1_352' title='bbox 2388 3291 2464 3343; x_wconf 90' lang='lat' dir='ltr'><strong>ad</strong></span> 
     </span>
     <span class='ocr_line' id='line_1_43' title="bbox 269 3361 2462 3429; baseline -0.001 -13"><span class='ocrx_word' id='word_1_353' title='bbox 269 3364 327 3416; x_wconf 93' lang='lat' dir='ltr'><strong>id</strong></span> <span class='ocrx_word' id='word_1_354' title='bbox 352 3370 584 3429; x_wconf 91' lang='lat' dir='ltr'><strong>tempus</strong></span> <span class='ocrx_word' id='word_1_355' title='bbox 611 3379 873 3425; x_wconf 71' lang='lat' dir='ltr'><strong>excuer</strong></span> <span class='ocrx_word' id='word_1_356' title='bbox 901 3364 1019 3417; x_wconf 94' lang='lat' dir='ltr'><strong>Dn.</strong></span> <span class='ocrx_word' id='word_1_357' title='bbox 1041 3364 1575 3418; x_wconf 90' lang='lat' dir='ltr'>BONGERSIUM</span> <span class='ocrx_word' id='word_1_358' title='bbox 1596 3364 1844 3417; x_wconf 90' lang='lat' dir='ltr'><strong>Gallum</strong></span> <span class='ocrx_word' id='word_1_359' title='bbox 1864 3379 1901 3416; x_wconf 91' lang='lat' dir='ltr'><strong>a</strong></span> <span class='ocrx_word' id='word_1_360' title='bbox 1920 3364 2072 3428; x_wconf 90' lang='lat' dir='ltr'><strong>Rege</strong></span> <span class='ocrx_word' id='word_1_361' title='bbox 2092 3362 2196 3415; x_wconf 94' lang='lat' dir='ltr'><strong>suo</strong></span> <span class='ocrx_word' id='word_1_362' title='bbox 2221 3362 2339 3413; x_wconf 92' lang='lat' dir='ltr'><strong>huc</strong></span> <span class='ocrx_word' id='word_1_363' title='bbox 2365 3361 2462 3413; x_wconf 90' lang='lat' dir='ltr'><strong>ab·</strong></span> 
     </span>
    </p>
   </div>
   <div class='ocr_carea' id='block_1_9' title="bbox 2207 3433 2464 3498">
    <p class='ocr_par' dir='ltr' id='par_1_10' title="bbox 2207 3433 2464 3498">
     <span class='ocr_line' id='line_1_44' title="bbox 2207 3433 2464 3498; baseline 0 -13"><span class='ocrx_word' id='word_1_364' title='bbox 2207 3433 2464 3498; x_wconf 88' lang='lat' dir='ltr'><strong>legatum</strong></span> 
     </span>
    </p>
   </div>
   <div class='ocr_carea' id='block_1_10' title="bbox 2504 1110 2546 1145">
    <p class='ocr_par' dir='ltr' id='par_1_11' title="bbox 2504 1110 2546 1145">
     <span class='ocr_line' id='line_1_45' title="bbox 2504 1110 2546 1145; baseline 0 0"><span class='ocrx_word' id='word_1_365' title='bbox 2504 1110 2546 1145; x_wconf 89' lang='lat'><strong>10</strong></span> 
     </span>
    </p>
   </div>
   <div class='ocr_carea' id='block_1_11' title="bbox 2499 1169 2528 1213">
    <p class='ocr_par' dir='ltr' id='par_1_12' title="bbox 2499 1169 2528 1213">
     <span class='ocr_line' id='line_1_46' title="bbox 2499 1169 2528 1213; baseline 0 0"><span class='ocrx_word' id='word_1_366' title='bbox 2499 1169 2528 1213; x_wconf 74' lang='lat' dir='ltr'><strong>’i‘</strong></span> 
     </span>
    </p>
   </div>
   <div class='ocr_carea' id='block_1_12' title="bbox 2507 1467 2549 1502">
    <p class='ocr_par' dir='ltr' id='par_1_13' title="bbox 2507 1467 2549 1502">
     <span class='ocr_line' id='line_1_47' title="bbox 2507 1467 2549 1502; baseline 0 0"><span class='ocrx_word' id='word_1_367' title='bbox 2507 1467 2549 1502; x_wconf 88' lang='lat'><strong>15</strong></span> 
     </span>
    </p>
   </div>
   <div class='ocr_carea' id='block_1_13' title="bbox 2505 1822 2552 1857">
    <p class='ocr_par' dir='ltr' id='par_1_14' title="bbox 2505 1822 2552 1857">
     <span class='ocr_line' id='line_1_48' title="bbox 2505 1822 2552 1857; baseline 0 0"><span class='ocrx_word' id='word_1_368' title='bbox 2505 1822 2552 1857; x_wconf 88' lang='lat'><strong>20</strong></span> 
     </span>
    </p>
   </div>
   <div class='ocr_carea' id='block_1_14' title="bbox 2507 2180 2553 2214">
    <p class='ocr_par' dir='ltr' id='par_1_15' title="bbox 2507 2180 2553 2214">
     <span class='ocr_line' id='line_1_49' title="bbox 2507 2180 2553 2214; baseline 0 0"><span class='ocrx_word' id='word_1_369' title='bbox 2507 2180 2553 2214; x_wconf 86' lang='lat'><strong>25</strong></span> 
     </span>
    </p>
   </div>
   <div class='ocr_carea' id='block_1_15' title="bbox 2512 3094 2557 3128">
    <p class='ocr_par' dir='ltr' id='par_1_16' title="bbox 2512 3094 2557 3128">
     <span class='ocr_line' id='line_1_50' title="bbox 2512 3094 2557 3128; baseline 0 0"><span class='ocrx_word' id='word_1_370' title='bbox 2512 3094 2557 3128; x_wconf 85' lang='lat'><strong>35</strong></span> 
     </span>
    </p>
   </div>
  </div>
 </body>
</html>
