2664 4030
291 332 360 388 72
825 330 1264 386 EPISTOLAE
1289 330 1960 385 ASTRONOMICAE

291 491 415 528 non
433 481 664 528 tantum
684 475 876 527 nostra
895 475 998 528 illa
1018 475 1090 528 de
1110 474 1510 541 parallaxibus
1531 474 1926 540 adiungentur
1945 488 2097 525 meae
2117 472 2372 534 Dialexi‚
2396 472 2491 525 sed

291 549 562 599 omnium
588 546 845 599 aliorum
868 546 1075 611 scripta
1100 546 1309 599 nostrae
1335 545 1634 599 sententiae
1656 545 2089 598 consentientia.
2110 543 2341 596 Titulus
2360 544 2493 596 libri

292 620 398 671 erit
407 617 557 679 talis,
571 625 635 670 ut
645 617 743 670 hic
753 621 817 670 in
828 617 1031 670 charta
1042 617 1390 682 descriptum
1400 619 1579 670 videS.
1591 616 1822 669 Vellem
1835 623 1967 669 tuas
1979 630 2216 681 quoque
2229 614 2492 667 observa-

289 692 480 742 tiones
495 689 882 742 Cometarum
901 688 1152 754 prodire,
1173 688 1399 753 fuitque
1419 688 1549 741 haee
1570 687 1759 749 causa,
1781 703 1885 740 cur
1899 702 1999 740 eas
2013 689 2076 739 in
2088 701 2225 739 meo
2239 689 2494 751 proximi

292 761 560 814 Cometae
573 760 780 826 scripto
795 760 1257 812 desideraverim.
1273 759 1435 812 Nam
1449 759 1609 824 quod
1623 758 1916 812 aethereus
1929 758 2104 811 fuerit
2117 764 2363 822 uterque
2379 757 2492 810 Co·
2543 774 2565 807 5

291 839 465 892 meta,
493 832 551 884 id
577 834 699 884 iam
725 838 861 883 ante
889 846 963 883 ex
987 834 1102 882 tuis
1122 830 1198 882 ad
1217 845 1314 882 me
1334 830 1756 892 intellexeram,
1784 830 2036 895 ideoque
2057 833 2179 882 iam
2199 835 2351 890 ante,
2373 827 2494 894 ipso

292 903 487 956 adhuc
506 902 736 954 lucente
759 902 1025 962 Cometa,
1053 901 1129 953 ad
1154 901 1373 953 multos
1392 900 1847 966 perscripseram.
1875 902 2152 953 Proxima
2172 900 2494 965 quadrage-

291 974 435 1026 fima
448 968 470 1042 ΙΙ
483 972 569 1025 fui
582 972 946 1026 Vratissaviae
960 972 1120 1038 apud
1135 987 1336 1024 meam
1355 971 1543 1024 filiam
1563 979 1618 1024 et
1638 978 2037 1025 commoratus
2055 971 2183 1024 sum
2203 970 2320 1023 illic
2341 970 2496 1023 ultra
2530 978 2607 1021 19r

290 1045 567 1098 mensem.
590 1044 735 1097 Mea
755 1044 826 1096 de
845 1044 1247 1109 parallaxibus
1263 1059 1400 1096 cum
1412 1042 1856 1096 WITTICHIO
1880 1043 2115 1103 contuli,
2139 1045 2241 1107 qui
2260 1057 2495 1094 mecum

292 1118 751 1169 communicavit
769 1116 984 1168 vestras
1005 1114 1438 1168 observationes
1458 1116 1713 1178 proximi
1735 1113 2019 1175 Cometae,
2047 1129 2195 1179 quas
2217 1112 2495 1166 habuistis
2549 1129 2591 1164 10

292 1188 498 1240 diebus
517 1186 618 1247 XI,
639 1186 767 1248 XII,
789 1186 929 1239 XIII
957 1194 1011 1239 et
1036 1186 1202 1238 XVII
1224 1184 1428 1239 Octob.
1458 1186 1545 1238 Ex
1570 1185 1664 1237 his
1692 1200 1799 1251 ego
1826 1187 2079 1250 experiri
2103 1185 2284 1245 volui,
2311 1187 2374 1236 in
2400 1184 2495 1236 de-

292 1256 566 1311 ductione
593 1257 803 1310 calculi
829 1258 1243 1318 aberraverim,
1271 1273 1351 1310 an
1376 1263 1681 1309 momenta
1701 1256 2176 1309 observationum
2196 1271 2319 1307 non
2345 1253 2496 1308 recte

292 1330 397 1383 abs
415 1335 472 1382 te
492 1335 595 1382 aut
611 1329 1105 1382 aWITTICHIO
1128 1328 1462 1394 consignata
1482 1328 1604 1380 fint.
1626 1328 1787 1380 Nam
1809 1343 1882 1380 ex
1901 1327 2097 1380 vestris
2116 1326 2231 1379 illis
2252 1327 2401 1379 datis
2421 1341 2496 1378 ne

291 1400 600 1454 verisimile
621 1401 862 1466 quidem
886 1403 950 1453 in
974 1400 1376 1465 parallaxibus
1397 1399 1674 1452 omnibus
1700 1399 1814 1451 illis
1841 1398 2046 1451 diebus
2072 1400 2391 1464 quicquam
2411 1400 2496 1450 in-

291 1475 494 1525 venire
519 1474 700 1538 potui.
729 1472 797 1524 In
822 1471 1228 1525 altitudinibus
1250 1471 1517 1524 Cometae
1543 1474 1694 1523 inter
1719 1486 1830 1523 nos
1856 1470 2003 1523 alias
2028 1469 2162 1523 satis
2188 1467 2339 1523 redte
2360 1484 2495 1521 con·
2549 1485 2592 1520 ιε

291 1546 468 1597 venit.
490 1543 860 1608 Relinquitur
879 1546 1067 1609 igitur,
1088 1550 1152 1595 ut
1171 1549 1476 1595 momenta
1494 1549 1829 1608 temporum
1847 1544 2047 1594 minus
2061 1540 2212 1594 recte
2226 1541 2499 1606 assignata

292 1614 523 1668 fuerint.
552 1615 622 1667 Et
648 1617 787 1667 certi
813 1616 1093 1680 temporis
1120 1614 1502 1667 confideratio
1528 1613 1641 1667 hac
1666 1616 1730 1665 in
1755 1620 1919 1679 parte
1938 1613 2112 1666 valde
2133 1612 2208 1665 est
2228 1611 2495 1665 difficilis.

293 1686 529 1739 Subduc
550 1685 749 1751 quaeso
774 1693 945 1739 tuum
971 1685 1266 1739 calculum
1292 1693 1347 1738 et
1373 1688 1577 1738 omnia
1602 1687 1933 1738 accuratius
1960 1683 2259 1737 confidera
2283 1698 2498 1748 meque

293 1758 568 1811 admone.
596 1757 718 1823 Ego
743 1757 861 1822 ipse
889 1773 1144 1823 quoque,
1170 1758 1352 1810 modo
1378 1756 1603 1822 aliquid
1624 1759 1723 1823 otij
1747 1755 1954 1810 nactus
1973 1755 2158 1817 fuer0,
2185 1755 2384 1807 denuo
2410 1769 2496 1806 re-

292 1835 490 1894 petam
511 1828 805 1881 calculum
820 1835 874 1881 et
887 1828 1073 1881 vestra
1087 1828 1459 1881 examinabo.
1481 1828 1643 1881 Nam
1658 1843 1866 1880 eorum
1883 1829 1946 1879 in
1962 1842 2098 1879 meo
2114 1842 2291 1892 opere
2305 1825 2497 1879 facere
2547 1842 2595 1877 20

293 1902 468 1965 cupio
482 1903 863 1961 mentionem,
882 1906 946 1952 ut
960 1900 1152 1952 nostra
1165 1900 1449 1952 sententia
1463 1900 1535 1952 de
1551 1899 1814 1952 Cometis
1827 1902 1890 1951 in
1905 1901 2120 1951 animis
2135 1897 2499 1950 eruditorum

295 1986 366 2024 eo
389 1973 577 2037 magis
600 1971 995 2024 confirmetur.
1025 1971 1204 2036 Quod
1223 1970 1264 2023 fi
1283 1971 1405 2036 post
1425 1971 1717 2023 discessum
1737 1970 1941 2023 isthinc
1958 1968 2373 2032 WITTICHIJ
2395 1968 2498 2021 ali-

294 2049 437 2108 quot
457 2042 687 2095 dierum
707 2042 855 2096 alias
876 2058 1115 2108 quoque
1132 2042 1316 2095 habes
1329 2042 1488 2094 illius
1503 2042 1771 2096 Cometae
1787 2040 2235 2101 observationeS‚
2258 2055 2359 2093 eas
2378 2055 2499 2092 me-

294 2129 431 2166 cum
444 2117 898 2167 communicato,
914 2114 1050 2167 B.V.
1066 2114 1268 2180 Pragae
1284 2129 1356 2166 ex
1370 2114 1597 2167 aedibus
1611 2113 1816 2166 nostris
1830 2113 1923 2166 die
1937 2113 1973 2166 1.
1989 2112 2139 2178 Maij
2156 2112 2338 2164 Anno
2353 2110 2497 2165 1582.

1770 2220 1835 2274 T.
1858 2236 1931 2273 ex
1951 2222 2155 2274 animo
2547 2234 2594 2269 25

1561 2292 1977 2346 THADDAEus
2003 2292 2357 2344 HAGEcms

1803 2363 1877 2416 ab
1898 2362 2131 2430 Hayck.

296 2468 371 2513 [Ex
392 2469 635 2514 apographo
656 2468 700 2504 in
721 2468 865 2506 codice
885 2468 1207 2506 Vindobonensi
1225 2470 1295 2505 lat.
1320 2468 1491 2514 10686661

294 2555 692 2630 TYCHO
737 2556 1121 2630 BRAHE
1156 2554 1771 2631 THADDAEO
1805 2556 1952 2630 AB
1996 2554 2382 2630 HAYCK
2421 2553 2496 2628 S.
2534 2588 2612 2632 19¹

414 2712 495 2760 ,ἢ
763 2683 1103 2737 EDDIDIT
1145 2684 1294 2737 mihi
1338 2691 1474 2737 ante
1518 2684 1744 2749 aliquot
1783 2683 2137 2749 septimanas
2179 2681 2500 2735 Goerlicius
2548 2697 2596 2733 30

470 2814 473 2817 Α
584 2758 678 2836 39
763 2756 1007 2821 quidam
1045 2756 1344 2808 Mercator
1380 2755 1578 2808 literas
1614 2763 1763 2817 tuaS,
1803 2755 2101 2807 clarissime
2133 2754 2394 2806 Domine
2423 2753 2499 2805 D.

533 2815 722 2901 0330
762 2826 1205 2888 THADDAEE,
1230 2830 1418 2880 amice
1440 2827 1732 2887 carissime‚
1757 2841 1830 2878 ex
1850 2826 2063 2891 quibus
2082 2830 2295 2890 praeter
2314 2823 2499 2890 fingu-

649 2902 679 2931 x
762 2898 947 2951 larem
975 2905 1141 2951 tuam
1168 2905 1223 2951 et
1249 2898 1605 2951 constantem
1629 2912 1766 2963 erga
1787 2912 1899 2949 nos
1917 2896 2394 2949 benevolentiam
2413 2897 2500 2947 in—

345 2907 364 2923 s
567 2915 590 2930 .·
615 2918 617 2920 v
689 2920 699 2923 γ.
715 2897 724 2928 ζ,

447 2992 463 3005 ,κ
477 2983 484 2988 “
516 2972 519 2975 ’
618 2975 664 3008 ’“”;»”
717 2971 720 2974 >

348 3022 358 3027 ,
525 3010 535 3014 ›-
573 2948 636 3042 ΑΜ
650 3004 682 3041 4
762 2969 959 3022 tellexi
986 2973 1163 3022 etiam
1184 2965 1205 3038 ΙΙ
1224 2972 1449 3035 priores
1475 2984 1639 3021 meas
1660 2969 1735 3021 ad
1754 2974 1886 3021 tuas
1906 2982 2122 3020 manus
2141 2966 2302 3019 secus
2323 2982 2391 3018 ac
2411 2965 2497 3018 su·
2534 2974 2618 3018 19v

431 3044 455 3071 ’-
537 3063 546 3075 ·=
761 3040 1023 3106 spicabar
1053 3041 1384 3106 pervenisse.
1418 3041 1594 3093 Unde
1622 3039 2142 3092 WITTICHIUM
2174 3038 2306 3090 satis
2337 3052 2408 3090 ea
2435 3039 2499 3089 in
2548 3053 2595 3089 35

297 3125 360 3163 re
380 3126 539 3163 nunc
561 3111 899 3164 excusatum
918 3111 1128 3165 habeo.
1157 3112 1376 3165 Saltem
1396 3112 1456 3164 id
1476 3111 1752 3172 admiror,
1781 3110 1940 3176 quod
1965 3109 2116 3162 nihil
2141 3109 2444 3161 literarum
2463 3124 2501 3161 a

298 3180 527 3234 discessu
552 3181 655 3233 suo
683 3182 878 3246 elapso
903 3189 1167 3248 tempore
1195 3183 1271 3236 ad
1297 3199 1393 3235 me
1421 3182 1657 3235 dederit.
1686 3182 1800 3235 Sed
1826 3181 2002 3234 habet
2026 3183 2076 3232 is
2102 3180 2248 3233 forte
2272 3180 2375 3232 sua
2393 3182 2500 3231 im-

296 3253 651 3317 pedimenta,
678 3269 872 3318 neque
894 3254 1117 3307 occafio
1136 3254 1306 3307 facile
1326 3257 1389 3306 in
1407 3253 1797 3319 promptu-est.
1825 3252 2027 3317 Quare
2049 3259 2104 3304 et
2122 3251 2235 3304 hac
2254 3254 2318 3303 in
2336 3257 2509 3315 parte¹

297 3323 450 3375 nihil
468 3323 571 3388 ipsi
590 3326 833 3388 imputo.
863 3324 1021 3377 Cum
1040 3341 1182 3378 vero
1203 3328 1252 3378 is
1273 3328 1375 3390 qui
1394 3332 1526 3378 tuas
1546 3324 1694 3377 mihi
1714 3324 2001 3385 attulerat,
2021 3339 2181 3375 nunc
2201 3323 2277 3375 ad
2296 3337 2393 3374 me
2412 3336 2502 3374 re·-

297 3393 496 3447 versus
521 3394 600 3456 fit,
626 3401 690 3447 ut
715 3394 1069 3459 responsum,
1095 3403 1269 3460 prout
1289 3396 1392 3461 ipfi
1413 3398 1590 3448 etiarn
1613 3398 2007 3454 iniunxeram‚
2034 3393 2137 3446 tibi
2161 3398 2498 3458 reportaret,
2548 3408 2595 3443 40

2392 3478 2499 3528 ego
