2644 4030
109 1082 151 1117 10

74 1359 181 1403 107¹

110 1438 152 1473 15

101 1795 154 1831 20

110 2152 156 2186 25

129 2210 156 2253 τ

116 2863 162 2898 35

84 2927 195 2970 107*

117 3218 164 3253 40

268 282 528 335 HENR.
557 282 988 336 BRUCAEUS
1013 282 1136 335 AD
1161 281 1670 336 TYCHONEM
1696 282 1770 335 23
1797 282 2060 335 MART.
2089 283 2235 337 1589
2308 283 2400 337 167

198 425 555 478 dissentiendi
587 424 795 477 levitas
826 424 1052 490 semper
1082 424 1283 478 invisa.
1318 424 1496 489 Quod
1527 439 1670 477 vero
1703 423 2075 477 Dithmarsus
2107 425 2204 478 iste
2235 432 2402 479 tuam

198 495 567 563 Hypothelin
586 495 940 562 surripuerit,
967 512 1092 549 non
1111 496 1203 558 est,
1228 496 1389 561 quod
1408 496 1523 548 hoc
1542 503 1598 549 te
1618 496 1943 549 admodum
1962 503 2215 549 moveat.
2245 497 2402 550 Cum

199 570 358 620 enim
379 567 881 620 observationibus
901 567 1254 629 destituatur,
1276 583 1308 619 e
1329 567 1543 633 quibus
1563 566 1921 634 Hypothefis
1945 567 2327 621 confirmatur
2348 575 2402 621 et

197 645 472 691 motuum
499 640 649 691 ratio
675 638 1037 699 construitur,
1067 638 1218 691 nihil
1245 638 1569 703 profecerit,
1600 638 1810 691 alienis
1838 639 2057 703 plumis
2082 639 2138 691 se
2165 641 2401 701 ornasse‚

198 725 393 774 neque
412 709 869 775 intelligentibus
891 709 1247 775 persuaserit,
1274 710 1446 762 suurn
1467 711 1569 762 esse
1589 713 1915 763 inventum.
1943 710 2121 776 Perge
2141 713 2204 763 in
2225 726 2402 776 opere

199 780 495 842 inchoato,
523 787 577 832 et
602 779 791 834 macte
817 784 1021 833 animo
1047 781 1397 847 prosequere
1423 781 1761 834 institutum.
1789 781 1943 834 Haec
1963 782 2039 834 ad
2058 783 2402 835 immortali-

198 859 378 905 tatem
396 854 511 904 via.

270 922 449 986 Quod
475 938 617 974 vero
644 923 715 975 de
743 923 931 975 Lunae
960 926 1224 976 maxima
1253 924 1561 976 latitudine
1586 923 1797 985 scribiS,
1828 939 2012 989 quam
2037 925 2094 977 15
2120 924 2403 990 scrupulis

198 994 395 1047 statuis
414 994 774 1046 Ptolemaica
797 997 1105 1055 maiorem,
1133 1010 1256 1047 non
1282 994 1475 1047 facere
1500 1011 1786 1061 magnum
1804 998 1868 1048 in
1888 995 2192 1061 eclipfibus
2215 996 2403 1049 discri-

199 1081 355 1127 men,
377 1080 514 1130 quae
535 1068 687 1118 circa
706 1066 897 1118 nodos
916 1066 1197 1127 incidunt,
1218 1081 1427 1119 verum
1447 1066 1543 1127 est;
1566 1073 1827 1119 attamen
1840 1069 1903 1119 in
1916 1070 2181 1120 maxima
2197 1067 2403 1121 distan-

199 1139 281 1190 tia
300 1153 338 1190 a
356 1137 546 1197 nodiS,
573 1140 636 1189 in
656 1152 776 1202 qua
796 1137 1033 1202 eclipses
1052 1138 1308 1190 incidere
1334 1138 1574 1202 possunt,
1602 1137 1843 1203 aliquid,
1870 1138 2061 1199 cred0,
2088 1139 2263 1192 dabit.
2291 1139 2404 1192 Sed

201 1223 385 1274 quare
413 1223 510 1260 me
538 1210 602 1260 in
629 1207 989 1261 tenebrionis
1017 1208 1362 1261 sententiam
1390 1208 1591 1269 trahiS,
1626 1212 1729 1274 qui
1756 1209 1941 1262 sidera
1973 1208 2226 1262 humore
2254 1210 2404 1263 vesci

201 1280 458 1341 credidit,
485 1294 622 1332 cum
647 1279 766 1332 alio
793 1279 985 1332 nostra
1009 1277 1218 1344 spectet
1244 1278 1470 1332 oratio?
1496 1280 1858 1341 VidebimuS,
1886 1296 2068 1345 quam
2094 1281 2273 1334 solide
2293 1297 2330 1334 a
2350 1288 2405 1334 te

202 1366 410 1403 eorum
443 1350 726 1403 sententia
758 1350 1072 1411 refellatur,
1107 1354 1209 1416 qui
1239 1350 1508 1412 sentiunt,
1541 1350 1702 1403 hunc
1734 1347 1756 1419 ΙΙ
1789 1354 1988 1404 aerem
2020 1352 2405 1418 undiquaque

200 1421 623 1488 permeabilem
652 1422 942 1474 coelestem
970 1425 1275 1487 regionem
1303 1422 1565 1487 implere.
1597 1422 1907 1487 Quantum
1936 1425 2096 1475 enim
2125 1439 2197 1476 ex
2226 1424 2406 1476 literis

202 1493 277 1546 ad
306 1493 748 1546 PEUCERUM
778 1493 928 1546 datis
957 1493 1229 1558 colligere
1262 1494 1500 1558 possum,
1533 1493 1764 1546 statuisti
1794 1496 2066 1546 omnium
2094 1494 2407 1548 sententias

201 1565 363 1617 secus
382 1563 754 1617 sentientium
771 1563 1053 1617 refellere.
1074 1564 1446 1631 Hypothefin
1460 1580 1700 1630 quoque
1714 1571 1879 1618 tuam
1895 1566 2168 1631 explicas,
2183 1566 2407 1619 Verum

203 1651 311 1702 ego
330 1638 494 1701 prius
513 1636 585 1688 de
607 1651 679 1688 ea
698 1651 836 1688 cum
855 1636 1134 1701 quodam,
1162 1639 1265 1701 qui
1290 1636 1449 1701 apud
1475 1643 1530 1689 te
1556 1636 1681 1698 fuit,
1709 1637 1947 1699 contuli,
1975 1643 2030 1689 et
2048 1638 2253 1690 videor
2276 1639 2406 1690 asse·

203 1714 388 1760 cutuS.
417 1706 595 1771 Quod
621 1713 822 1760 autem
847 1706 1037 1772 scripfi
1061 1714 1247 1760 totam
1271 1705 1680 1760 tractationem
1700 1708 1772 1761 de
1794 1709 2058 1761 Cometis
2082 1711 2235 1762 circa
2260 1710 2406 1762 indi-

202 1779 384 1831 vidua
397 1778 628 1839 versari,
647 1794 904 1844 quorum
918 1781 1172 1845 cognitio
1187 1780 1311 1832 una
1324 1794 1460 1831 cum
1475 1779 1597 1844 ipso
1612 1779 1864 1833 Cometa
1880 1780 2184 1842 intercidit,
2199 1796 2408 1833 verum

204 1849 294 1912 est,
323 1865 459 1902 cum
485 1865 593 1902 nec
619 1857 815 1902 motus
835 1850 1010 1912 idem,
1036 1865 1146 1902 nec
1166 1853 1428 1915 corporis
1447 1850 1640 1903 forma
1659 1852 1868 1904 eadem
1889 1867 2158 1916 unquam
2176 1851 2240 1904 fit
2259 1852 2406 1904 redi-

202 1929 351 1974 tura.
373 1921 516 1974 Non
535 1923 700 1973 ivero
716 1927 917 1974 tamen
933 1921 1170 1983 infitiaS,
1190 1921 1379 1975 multa
1392 1938 1528 1975 cum
1542 1922 1635 1975 his
1649 1923 1799 1975 tradi
1813 1923 1979 1988 posse,
2001 1930 2065 1975 ut
2078 1937 2202 1975 non
2215 1938 2409 1988 pauca

202 2000 307 2045 tuo
327 1995 492 2057 operi
510 1992 640 2045 sunt
660 1992 888 2054 inserta,
910 2009 1046 2058 quae
1059 1993 1355 2059 ingeniose
1370 1996 1612 2047 inventa
1626 2001 1681 2046 et
1695 2010 1832 2046 cum·
1844 1995 2062 2047 iudicio
2076 2009 2406 2047 accommo-

204 2065 342 2116 data
369 2063 446 2117 ad
475 2063 596 2117 alia
623 2064 797 2129 plura
824 2064 1119 2117 transferri
1149 2065 1460 2117 commode
1492 2066 1709 2130 possint.
1744 2065 1946 2129 Quare
1975 2081 2099 2118 non
2129 2065 2220 2126 est,
2248 2067 2408 2131 quod

204 2134 625 2200 sphaericorum
645 2135 980 2188 libellorum
1001 2142 1236 2189 aetatem
1254 2136 1598 2201 superatura
1616 2136 1845 2199 scribaS,
1867 2152 2124 2202 quorum
2142 2136 2408 2202 plerique

205 2222 331 2259 non
350 2206 719 2271 Bosphorum
740 2206 939 2268 visent,
966 2213 1031 2259 ut
1050 2207 1121 2259 de
1141 2206 1257 2259 suis
1279 2210 1569 2272 poematis
1591 2208 1844 2272 prodidit
1867 2207 2286 2270 HORATIUS,
2313 2208 2408 2261 sed

205 2277 696 2343 pharmacopolia
715 2284 772 2330 et
791 2293 1112 2343 cauponaS‚
1136 2285 1200 2331 ut
1222 2278 1497 2340 habeant,
1524 2282 1586 2332 in
1607 2280 1767 2344 quod
1786 2282 1968 2344 piper,
1994 2278 2148 2341 thuS‚
2175 2279 2409 2332 lardum

207 2355 262 2401 et
288 2348 408 2402 alia
433 2351 561 2401 eius
586 2351 815 2414 generis
843 2356 1151 2415 reponant.
1181 2350 1379 2415 Atque
1405 2353 1635 2403 utinam
1661 2350 1975 2417 Sphaericis
2000 2351 2061 2403 id
2085 2357 2315 2403 tantum
2343 2351 2408 2403 li-

206 2419 375 2472 bellis
391 2419 742 2481 usuveniret,
764 2427 820 2473 et
835 2436 962 2473 non
976 2424 1258 2473 maximae
1271 2423 1423 2486 parti
1436 2421 1796 2487 scriptorum,
1818 2437 1954 2487 quae
1968 2421 2121 2474 hisce
2134 2425 2408 2488 tempori-

206 2491 317 2544 bus
336 2494 400 2543 in
418 2491 614 2544 lucem
633 2492 904 2553 eduntur,
931 2492 1037 2544 nili
1059 2492 1206 2545 forte
1226 2495 1289 2544 in
1310 2492 1687 2546 Bibliothecis
1706 2493 2057 2558 aliquandiu
2077 2493 2409 2546 delitescant

206 2562 400 2615 blattis
414 2569 469 2615 et
482 2564 655 2615 tineis
669 2562 942 2628 exposita.
963 2563 1124 2627 Quid
1143 2566 1342 2629 itaque
1362 2564 1434 2616 de
1453 2566 1602 2616 meis
1621 2564 1770 2616 mihi
1789 2565 2086 2630 pollicear,
2108 2564 2224 2629 ipse
2244 2565 2409 2617 intel-

207 2634 359 2699 ligis;
385 2633 546 2699 spem
570 2649 851 2700 magnam
869 2635 1325 2688 immortalitatis
1345 2634 1586 2688 suorum
1604 2636 1947 2700 scriptorum
1967 2635 2099 2701 alijs
2119 2635 2408 2701 relinquo,

208 2705 352 2757 Non
372 2705 448 2757 est
468 2712 684 2767 autem,
712 2706 873 2771 quod
892 2709 1143 2772 graviter
1161 2706 1333 2768 feraS,
1361 2707 1520 2772 quod
1540 2707 1612 2759 de
1634 2707 1901 2760 Cometae
1921 2707 2187 2760 distantia
2205 2707 2409 2772 scripsi.

209 2775 303 2829 Sic
324 2779 484 2829 enim
503 2792 870 2842 acceperam:
891 2777 1012 2843 post
1032 2780 1190 2830 enim
1212 2778 1619 2839 animadverti,
1640 2779 1712 2831 de
1733 2785 2053 2843 apparente
2072 2785 2127 2830 te
2147 2778 2328 2843 loqui.

283 2847 461 2911 Quod
481 2848 557 2900 ad
577 2848 894 2914 postremas
913 2855 1045 2901 tuas
1063 2849 1262 2902 literas
1282 2852 1501 2911 attinet,
1523 2850 1736 2915 quibus
1756 2849 1932 2902 nostri
1941 2847 2045 2916 sat
2060 2850 2288 2903 Boreae
2309 2851 2409 2903 da-

212 2920 340 2972 tum
360 2914 382 2988 ΙΙ
401 2919 728 2980 meministi,
753 2920 894 2985 quid
914 2920 1077 2973 aliud
1094 2921 1199 2973 tibi
1218 2920 1620 2985 respondeam,
1647 2936 1830 2985 quam
1850 2921 2010 2986 quod
2029 2920 2270 2973 summis
2289 2928 2411 2974 tam

211 2989 461 3043 Medicis
484 3006 667 3055 quam
686 2990 1055 3057 Philosophis
1074 2991 1262 3043 visum
1289 2992 1379 3052 est,
1407 3007 1531 3044 non
1556 2991 1767 3053 habe0‚
1794 3007 2051 3057 quorum
2071 2992 2410 3045 eafuitsen-

210 3063 408 3122 tentia,
442 3061 661 3113 coelum
693 3061 855 3127 sequi
886 3062 1202 3115 hominum
1232 3070 1492 3115 naturas,
1526 3063 1763 3116 Durum
1793 3071 1847 3116 et
1876 3063 2147 3129 asperum
2178 3063 2327 3116 dura
2357 3071 2412 3116 et

211 3131 416 3196 aspera
431 3135 669 3197 ingenia
685 3132 853 3193 ferre,
873 3134 1181 3186 moderata
1195 3140 1602 3198 temperatum.
1625 3135 1688 3186 Id
1702 3135 2071 3187 naturalibus
2085 3135 2412 3188 rationibus

211 3203 384 3268 posset
403 3202 759 3264 confirmari,
779 3204 875 3256 sed
893 3204 1252 3269 supersedeo.
1278 3205 1455 3268 Quod
1476 3205 1517 3256 fl
1536 3205 1721 3271 aliqui
1740 3205 1936 3272 studijs
1955 3206 2295 3259 liberalibus
2316 3222 2411 3258 ex-

213 3273 368 3334 culti,
398 3280 501 3326 aut
528 3274 824 3326 bonorum
853 3275 1271 3327 consuetudine
1300 3276 1686 3329 humaniores
1713 3284 1768 3329 et
1793 3277 2084 3330 civiliores
2110 3277 2410 3338 evaserint,

213 3344 327 3396 hoc
346 3351 612 3397 veterum
632 3345 977 3399 sententiam
997 3349 1242 3399 minime
1263 3350 1482 3400 evertit.
1504 3348 1627 3413 Ipse
1644 3348 1685 3400 fi
1700 3349 2074 3414 progrediare
2087 3348 2286 3401 versus
2301 3349 2411 3400 Bo-

2230 3434 2411 3480 ream,
