2664 4030
251 284 344 336 120
782 279 1222 333 EPISTOLAE
1247 277 1919 331 ASTRONOMICAE

253 423 302 468 [E
323 422 466 459 codice
485 420 806 457 Vindobonensi
826 420 895 457 lat.
919 419 1090 464 1068662]
2498 418 2526 462 5-

255 496 929 571 CLARISSIMO
967 492 2028 584 ERUDITISSIMOQUE
2049 492 2314 567 VIRO
2347 493 2448 567 D.
2492 517 2522 560 2

367 599 726 653 DocTORI
750 597 1183 651 THADDAEo
1212 596 1588 650 HAGECIO
1614 596 1721 648 AB
1748 596 1988 657 HAYK,
2016 596 2338 650 MEDICO
2583 619 2586 622 «

447 682 546 734 ΕΤ
571 681 1170 734 ΜΑΤΗΕΜΑΤΙΟΟ
1198 678 1957 741 EXCELLENTISSIMO,
1984 678 2255 732 AMIco

894 763 1051 817 SUO
1079 761 1805 888 SINZIZZEGDILECTO.
2141 827 2146 832 ,
2500 780 2523 815 5

1326 914 1376 958 S.
2500 914 2547 957 l‘

380 994 454 1057 :53:35ss
720 988 1054 1042 ARIORES
1080 988 1156 1040 ad
1181 994 1237 1040 te
1264 989 1404 1041 dare
1429 988 1628 1041 literas
1653 990 2164 1040 internunciorum
2184 989 2333 1053 cogit
2354 1002 2451 1052 pe-

544 1063 602 1122 ξ’
658 1060 682 1116 {22
720 1063 910 1122 nuria,
945 1060 1313 1112 eruditissime
1343 1059 1781 1124 charissimeque
1811 1059 1886 1112 D.
1914 1059 1989 1112 D.
2009 1058 2451 1120 THADDAEE,

379 1120 680 1207 Ὢ
720 1099 2453 1268 {iss‘ssfffi1332&{a933352233432‘3203122353331iffi}
2505 1147 2548 1182 ¹⁰

377 1240 443 1341 {jv-{gvj
469 1279 506 1341 ’,ᾗ-’ν
532 1332 542 1339 η,
562 1276 681 1332 ‘s
721 1275 839 1327 lem
865 1274 1231 1327 occafionem
1259 1274 1456 1327 literas
1484 1275 1752 1327 mittendi
1780 1289 1884 1339 per
1910 1272 2245 1326 Studiosum
2271 1288 2452 1338 quen-

439 1345 449 1350 ”
627 1343 639 1379 Γ
680 1372 682 1375 v
722 1346 861 1399 dam
889 1346 1157 1399 Silefium
1185 1361 1281 1398 me
1310 1347 1435 1398 una
1466 1361 1602 1398 cum
1634 1345 1982 1410 quibusdam
2014 1344 2146 1410 alijs
2177 1343 2275 1396 hic
2306 1345 2452 1396 invi-

252 1419 487 1480 sentem,
514 1434 639 1470 non
663 1417 1167 1469 intermittendum
1193 1417 1352 1478 duxi,
1380 1419 1525 1482 quin
1544 1416 1820 1469 brevibus
1839 1417 1915 1469 ad
1935 1423 1990 1468 te
2010 1415 2335 1468 scriberem.
2361 1415 2453 1467 Li-

251 1491 425 1542 brum
444 1497 614 1542 tuum
635 1489 706 1541 de
727 1489 905 1541 Nova
925 1488 1105 1541 Stella
1125 1494 1180 1540 et
1201 1489 1464 1541 Cometis
1483 1488 1609 1540 mifi
1631 1488 1982 1541 iamdudum
2001 1486 2454 1540 Francofurtum
2506 1503 2548 1539 1⁵

253 1562 330 1614 ad
345 1561 600 1614 eundem
614 1560 938 1621 hominem,
955 1560 1026 1612 de
1041 1575 1161 1624 quo
1175 1559 1324 1612 mihi
1337 1559 1648 1621 indicaraS‚
1665 1575 1775 1612 nec
1789 1559 1992 1612 dubito
2006 1565 2061 1611 te
2074 1561 2300 1611 interea
2312 1564 2454 1610 tem-

253 1635 413 1698 poris
439 1648 578 1684 eum
604 1633 884 1696 recepisse.
914 1631 1093 1695 Quod
1112 1631 1153 1683 fi
1171 1630 1342 1683 illum
1362 1630 1534 1683 edere
1555 1630 1749 1683 adhuc
1769 1634 2006 1683 animus
2030 1630 2121 1691 est,
2148 1629 2455 1682 suaderem

253 1711 317 1756 ut
344 1720 431 1765 ea,
460 1719 594 1768 quae
615 1706 678 1755 in
700 1703 951 1755 Cometa
977 1705 1121 1754 anni
1146 1703 1215 1755 77
1240 1705 1438 1754 minus
1465 1702 1821 1754 confiderate
1847 1718 1884 1754 a
1909 1708 1965 1754 te
1990 1701 2284 1766 propofita
2308 1700 2453 1761 sunt,

252 1775 349 1827 vel
375 1775 702 1839 supprimas
727 1774 823 1826 vel
852 1774 1146 1826 emendes,
1177 1774 1391 1826 Meum
1417 1773 1489 1825 de
1515 1773 1629 1826 hoc
1656 1773 1867 1826 eodem
1893 1773 2146 1826 Cometa
2169 1773 2455 1825 iudicium

254 1848 538 1911 percipies
568 1861 641 1897 ex
670 1861 742 1898 eo
772 1861 950 1910 quem
979 1845 1082 1897 tibi
1110 1860 1270 1897 nunc
1298 1847 1465 1897 mitto
1494 1844 1661 1906 libro,
1694 1847 1757 1897 in
1789 1860 1909 1909 quo
1940 1844 2228 1896 secundus
2258 1851 2455 1896 tomus
2504 1860 2551 1895 20

255 1920 447 1982 operis
475 1916 650 1969 nostri
678 1916 751 1968 de
780 1916 1202 1968 recentioribus
1231 1916 1473 1968 aetherei
1501 1916 1719 1968 Mundi
1747 1916 2165 1968 Phaenomenis
2197 1917 2454 1967 contine-

252 1996 362 2041 tur.
389 1989 618 2040 Primus
640 1988 715 2040 est
735 1988 806 2040 de
827 1987 1006 2040 Stella
1026 1987 1205 2040 Nova
1225 1987 1580 2052 exquifitiori
1600 1987 1901 2053 diligentia
1920 2002 2103 2052 quam
2123 1992 2300 2039 antea
2319 2001 2455 2039 con-

252 2060 513 2120 fiderata,
548 2075 726 2124 quem
756 2061 907 2125 typis
939 2058 1238 2111 absolvere
1266 2058 1484 2111 Gallici
1514 2058 1798 2125 privilegij
1832 2056 2105 2119 defedtu&
2139 2058 2299 2123 quod
2325 2057 2455 2111 Cae-

253 2131 484 2184 sariano
505 2131 825 2196 adiungere
846 2130 1126 2191 constitui,
1153 2128 1438 2183 haetenus
1461 2130 1781 2195 impedivit.
1808 2130 1988 2182 Nunc
2006 2145 2149 2182 vero
2170 2131 2458 2194 quoniam

254 2209 390 2255 ante
409 2217 631 2267 paucos
652 2202 775 2254 dies
794 2201 1045 2267 idipsum
1064 2202 1310 2266 adeptus
1329 2201 1473 2262 sum,
1494 2201 1645 2254 nihil
1661 2201 1901 2254 obstabit
1918 2200 2023 2253 nifi
2037 2203 2136 2267 otij
2156 2203 2455 2265 oportuni-
2505 2216 2552 2252 2⁵

253 2281 359 2335 taS,
387 2276 706 2338 quominus
734 2276 861 2325 eius
887 2276 1065 2325 etiam
1090 2273 1223 2326 libri
1250 2273 1688 2338 evulgationem
1713 2273 2016 2325 adomem.
2037 2272 2269 2324 Tertius
2290 2271 2366 2324 est
2385 2272 2457 2324 de

253 2346 436 2397 tribus
451 2344 581 2410 alijs
598 2345 876 2406 Cometis‚
898 2347 1001 2410 qui
1019 2344 1391 2409 postmodum
1410 2345 1581 2397 nobis
1600 2344 1922 2397 illuxerunt
1941 2346 2078 2396 etin
2098 2343 2217 2396 alto
2237 2342 2457 2396 aethere

256 2416 613 2468 curriculum
632 2416 802 2468 suum
822 2432 946 2468 non
965 2419 1164 2468 minus
1185 2432 1367 2481 quam
1387 2415 1501 2477 ille,
1524 2416 1595 2468 de
1617 2431 1737 2481 quo
1756 2415 1903 2468 liber
1916 2415 2096 2468 modo
2109 2414 2457 2468 transmissus

255 2490 387 2553 agit,
414 2487 802 2540 absolverunt.
830 2487 1008 2551 Quod
1028 2493 1229 2540 autem
1248 2490 1312 2540 in
1331 2487 1446 2539 hoc
1465 2487 1588 2551 ipso
1607 2486 1774 2549 libro,
1801 2487 1903 2539 ubi
1922 2493 2025 2540 tua
2043 2486 2259 2552 placita
2277 2488 2341 2538 in
2361 2501 2457 2538 eo-

256 2560 391 2611 dem
419 2559 670 2612 Cometa
697 2559 799 2611 sub
829 2559 1284 2623 disquisitionem
1312 2558 1794 2611 mathematicam
1818 2574 1986 2620 voco,
2014 2574 2051 2611 a
2075 2565 2131 2611 te
2159 2557 2457 2610 multoties
2505 2572 2553 2608 30

256 2630 524 2682 dissentiri
552 2646 649 2682 me
677 2646 769 2683 res
798 2630 920 2695 ipsa
950 2637 1132 2696 cogat,
1162 2646 1286 2682 non
1315 2630 1391 2682 est
1420 2630 1579 2695 quod
1607 2629 1880 2682 sinistrius
1908 2631 2325 2695 interpreteris;
2353 2627 2458 2680 scis

257 2704 416 2753 enim
435 2718 531 2754 me
551 2702 673 2754 solo
688 2704 946 2754 veritatis
966 2717 1170 2754 amore
1192 2708 1246 2753 et
1264 2701 1529 2754 libertate
1544 2697 1565 2770 ΙΙ
1580 2700 1990 2766 Philosophica
2002 2700 2253 2766 idipsum
2267 2714 2456 2765 agere,
2505 2707 2558 2750 1⁷

256 2773 541 2837 nulloque
556 2780 659 2826 tua
671 2771 989 2825 insectandi
1004 2773 1395 2838 elevandique
1410 2775 1613 2825 animo
1627 2773 1687 2825 id
1701 2789 1739 2825 a
1751 2788 1847 2825 me
1862 2772 2006 2824 fieri.
2029 2772 2097 2824 In
2113 2773 2293 2837 priori
2307 2771 2457 2823 libro

257 2845 328 2896 de
344 2844 522 2896 Stella
535 2845 713 2897 Nova
726 2851 853 2896 tum
869 2847 1045 2897 etiam
1060 2847 1123 2896 in
1136 2847 1323 2905 terti0‚
1344 2844 1447 2896 ubi
1461 2844 1533 2896 de
1548 2844 1800 2897 Cometa
1813 2846 1958 2896 anni
1974 2843 2044 2896 80
2060 2846 2265 2908 agitur,
2287 2857 2457 2907 opor-

256 2918 551 2967 tuniorem
565 2918 806 2969 invenio
821 2916 1298 2968 commoditatem
1312 2922 1506 2967 tecum
1520 2931 1738 2980 magna
1751 2931 1824 2967 ex
1836 2921 2000 2980 parte
2013 2914 2312 2975 sentiendi,
2328 2920 2455 2966 tua·
2506 2929 2553 2964 35

259 3002 373 3050 que
397 2987 583 3051 dignis
604 2989 887 3052 encomijs
909 2987 1242 3039 extollendi.
1267 2987 1327 3039 Si
1349 3002 1498 3051 quos
1518 2986 1702 3039 habes
1722 2986 1970 3047 ItalicOS‚
1991 2985 2345 3050 Hispanicos
2363 2983 2459 3037 vel

260 3056 525 3108 Gallicos
547 3057 843 3119 authoreS‚
872 3061 974 3122 qui
994 3059 1065 3110 de
1086 3059 1265 3110 Nova
1285 3058 1464 3111 Stella
1489 3058 1714 3122 aliquid
1740 3059 2118 3109 commentati
2142 3056 2289 3116 sunt,
2315 3070 2458 3121 rogo

259 3134 544 3179 uteorum
558 3128 763 3193 scripta
777 3130 1105 3191 Latinitate,
1125 3129 1167 3181 fi
1186 3129 1314 3181 fieri
1332 3130 1507 3194 possit,
1529 3129 1765 3190 donata,
1784 3143 2021 3181 mecum
2041 3130 2458 3187 communiceS,

259 3201 500 3262 unaque
527 3199 568 3250 fi
594 3215 743 3263 quos
770 3200 918 3252 alios
946 3201 1332 3253 Cometarum
1363 3200 1828 3266 praecedentibus
1859 3199 2085 3264 aliquot
2115 3201 2289 3252 annis
2313 3197 2458 3250 viso-

259 3285 392 3320 rum
413 3269 787 3334 descriptores
806 3272 1132 3334 peculiares
1148 3287 1258 3323 nec
1271 3271 1492 3336 ubique
1507 3272 1712 3324 obvios
1726 3274 1789 3323 in
1802 3276 2038 3336 promtu
2051 3270 2345 3323 habueris,
2366 3269 2457 3321 Li·
2506 3284 2554 3319 40

259 3340 431 3392 brum
445 3341 615 3392 illum
629 3342 700 3393 de
716 3342 966 3394 Cometa
987 3345 1130 3394 anni
1150 3343 1265 3395 1531
1280 3343 1354 3395 ab
1369 3342 1677 3395 APIANO
1698 3342 1929 3394 seorfim
1949 3342 2171 3394 editum
2189 3340 2457 3463 nondugn

2320 3428 2380 3463 vi
2421 3427 2458 3472 1,
