2644 4030
90 1103 132 1138 10

91 1458 133 1494 15

87 2172 133 2207 25

71 2877 160 2921 44'

107 2945 136 2988 ÷

394 302 698 356 TYCHO
724 302 846 355 AD
874 302 1283 356 IACOBUM
1311 302 1718 356 CURTIUM
1746 304 1766 354 l
1793 303 1994 356 AUG.
2024 304 2170 356 1590
2289 304 2382 356 261

134 464 150 483 r
182 445 271 498 dis
290 446 725 511 expeditionem
743 452 1095 510 perventum
1114 441 1135 514 ΙΙ
1155 445 1344 506 fuerit,
1364 452 1504 498 tunc
1522 446 1762 498 demum
1782 445 1998 511 patefit,
2019 462 2099 498 an
2112 446 2171 498 id
2186 462 2248 498 re
2263 446 2384 511 ipsa

181 517 465 582 praestent,
478 518 638 582 quod
649 520 841 582 prima
850 516 1040 570 fronte
1052 517 1419 582 pollicentur.
1435 517 1721 569 Noniana
1732 523 1883 569 certe
1896 515 2193 578 distinctim
2207 520 2384 570 etiam

180 587 476 640 subtiliore
496 604 678 653 quam
692 589 766 641 ab
780 588 902 653 ipso
919 591 1148 641 ratione
1163 595 1218 640 et
1231 588 1497 654 pluribus
1510 588 1810 654 particulis
1824 588 2220 641 administrata
2236 589 2382 652 (mo-

182 659 292 711 dus
313 662 490 720 enim,
512 675 632 724 quo
652 662 701 711 is
721 662 918 720 utitur,
939 675 1064 711 non
1076 659 1402 724 suppeditat
1416 662 1620 711 omnia
1633 660 1703 712 90
1715 660 2007 725 graduum
2020 660 2274 724 minuta)
2295 662 2383 725 ijs,

181 746 317 795 quae
338 737 510 783 autor
528 730 852 795 pollicetur,
873 746 1256 795 nequaquam
1275 730 1554 790 satisfacit,
1576 731 1735 795 quod
1748 733 1811 782 in
1825 731 2056 783 duobus
2072 730 2383 795 Quadran-

180 801 334 854 tibus
352 800 716 854 orichalcicis
735 801 838 854 tali
858 801 1140 853 methodo
1160 801 1505 854 subtilissime
1528 801 1829 854 elaborata
1849 802 2127 854 divisione
2148 802 2267 866 ipsa
2287 817 2384 854 me

181 871 407 925 dudum
434 873 631 925 docuit
657 875 1035 937 experientia.
1062 873 1171 924 Per
1195 872 1351 925 hanc
1378 876 1557 925 etiam
1581 889 1781 925 rerum
1806 873 2137 938 magistram
2162 889 2299 925 vere
2326 873 2385 924 id

180 944 460 996 assecutus
485 943 629 1004 sum,
656 950 720 995 ut
745 943 851 995 nili
871 943 1247 1006 Quadrantes
1272 959 1376 1008 per
1397 944 1453 996 se
1475 943 1859 996 sufficientem
1883 943 2141 997 habeant
2160 947 2383 1009 magni-

180 1015 463 1075 tudinem,
493 1021 695 1079 utpote
721 1015 754 1065 4
779 1014 875 1066 vel
904 1017 1083 1066 trium
1108 1015 1184 1067 ad
1209 1018 1526 1067 minimum
1556 1014 1903 1075 cubitorum,
1934 1015 2139 1067 frustra
2167 1018 2231 1067 in
2258 1015 2383 1067 sub-

181 1086 532 1138 divifionum
559 1086 940 1151 compendijS,
968 1086 1182 1150 quibus
1207 1085 1431 1151 fingula
1450 1089 1681 1138 minuta
1700 1086 1833 1138 scite
1854 1088 2275 1151 exprimantur,
2302 1086 2384 1139 la-

179 1157 392 1210 borari.
415 1157 483 1209 In
502 1157 832 1210 minoribus
852 1160 1070 1209 etenim
1084 1160 1319 1222 organis
1333 1155 1759 1222 pund’tatione8‚
1776 1173 2130 1222 quacunque
2145 1158 2385 1210 tandem

179 1228 411 1281 solertia
437 1229 740 1289 ordinatae,
767 1228 966 1293 plures
991 1228 1161 1280 fimul
1187 1228 1349 1293 quafi
1374 1231 1438 1279 in
1464 1228 1718 1280 eandem
1743 1228 1976 1281 fiduciae
2002 1229 2225 1281 lineam
2244 1231 2384 1280 inci-

181 1299 343 1361 dunt,
364 1308 428 1352 ut
445 1315 546 1352 eas
564 1300 638 1352 ab
653 1302 907 1352 invicem
922 1299 1244 1352 discernere
1258 1302 1358 1351 vix
1371 1299 1558 1360 liceat,
1580 1306 1753 1364 prout
1766 1299 2008 1364 ipsamet
2023 1303 2385 1364 experimen-

179 1374 323 1423 tatio
341 1378 397 1423 te
414 1371 547 1424 satis
567 1371 846 1424 edocebit.
868 1371 990 1436 Ego
1004 1373 1067 1422 in
1082 1370 1500 1435 Quadrantum
1515 1377 1618 1422 aut
1630 1370 2020 1423 Armillarum
2038 1378 2093 1423 et
2107 1387 2386 1435 quorum-

180 1445 269 1495 vis
295 1458 544 1496 arcuum
570 1445 633 1495 in
658 1445 938 1494 minimas
958 1442 1218 1507 quasque
1244 1442 1562 1507 particulas
1583 1441 1979 1494 distributione
2002 1449 2136 1494 utor
2158 1441 2387 1507 punc‘tis

181 1513 530 1578 quibusdam
555 1513 1030 1566 transversalibus
1050 1513 1271 1566 sextam
1290 1513 1386 1565 vel
1405 1513 1820 1565 duodecimam
1845 1513 2136 1578 graduum
2161 1520 2388 1576 partem

180 1588 243 1637 in
263 1585 487 1651 lingula
505 1587 738 1638 minuta
756 1584 851 1637 vel
872 1587 1050 1637 etiam
1075 1585 1293 1637 horum
1314 1585 1642 1650 aliquotam
1667 1587 2000 1649 portionem
2020 1584 2386 1636 subdividen-

180 1657 350 1718 tibus,
365 1663 540 1722 prout
553 1659 706 1709 circa
718 1656 902 1708 finem
915 1656 1048 1709 libri
1061 1656 1236 1708 nostri
1250 1656 1487 1708 secundi
1497 1656 1916 1708 AEthereorum
1927 1655 2388 1708 Phaenomenoen

180 1727 340 1780 hunc
365 1728 581 1794 gradus
606 1727 862 1793 fingulos
887 1730 1224 1780 minutatim
1250 1727 1656 1780 subdividendi
1677 1728 1925 1779 modum
1945 1727 2388 1791 quodammodo

182 1800 477 1861 denotavi,
506 1802 609 1864 qui
633 1815 757 1864 prae
784 1799 1061 1852 omnibus
1081 1799 1213 1864 alijs
1235 1807 1289 1851 et
1309 1798 1465 1852 factu
1484 1798 1670 1851 facilis
1692 1806 1747 1850 et
1767 1798 1895 1850 usui
1914 1800 1978 1850 in
1997 1801 2202 1863 primis
2222 1813 2387 1850 acco-

181 1871 472 1932 modatuS‚
499 1877 626 1924 tum
652 1873 830 1923 etiam
855 1886 960 1936 per
979 1870 1034 1923 se
1055 1870 1206 1923 nihil
1224 1873 1345 1936 vitij
1371 1877 1473 1922 aut
1493 1869 1651 1935 dubij
1675 1869 1983 1935 suggerens
2004 1870 2232 1922 diutina
2253 1884 2390 1920 mea

181 1940 524 1995 tractatione
539 1942 954 2007 comprobatus
974 1942 1066 2003 est,
1088 1957 1267 2007 quem
1283 1944 1462 1994 etiam
1475 1948 1762 2006 tanquam
1776 1943 2035 1993 maxime
2052 1940 2388 2004 expeditum

182 2019 476 2066 etcertum
490 2013 767 2066 omnibus
781 2016 930 2066 meis
944 2013 1336 2065 instrumentis
1352 2012 1623 2065 adhibeo,
1646 2012 1905 2076 Ideoque
1921 2027 2076 2072 eum,
2091 2011 2132 2063 fi
2147 2011 2388 2076 quando

182 2100 407 2151 organa
430 2085 840 2138 Astronomica
869 2084 1080 2137 confici
1109 2086 1423 2145 curaveriS,
1453 2083 1557 2136 tibi
1586 2084 2066 2136 commendatum
2090 2082 2246 2135 v010.
2277 2083 2387 2134 Ex-

181 2158 407 2222 periere
424 2158 628 2221 utique
645 2156 834 2208 multo
851 2155 1280 2220 operofioribus
1296 2158 1566 2215 inventiS,
1590 2170 1709 2219 quo
1724 2154 1799 2207 ad
1813 2169 2064 2220 praxeos
2082 2154 2389 2206 indubiam

182 2227 744 2280 administrationem
757 2227 1097 2292 praevalere.
1114 2227 1251 2279 Hoc
1265 2242 1503 2291 quoque
1517 2226 1910 2278 illustrissimus
1925 2226 2200 2290 Princeps
2207 2225 2387 2276 WIL-

182 2299 537 2360 HELMUS,
560 2299 965 2364 Landgravius
980 2298 1212 2358 Hassiae,
1233 2301 1297 2350 in
1315 2297 1431 2350 suis
1446 2297 1890 2360 Quadrantibus
1907 2304 2084 2360 atque
2102 2296 2387 2348 Sextanti-

181 2370 291 2423 bus
303 2369 530 2435 aliquot
538 2372 661 2422 iam
672 2373 861 2430 anniS,
877 2370 1184 2435 postquam
1196 2384 1268 2422 ex
1279 2367 1650 2422 instrudtione
1657 2368 2020 2430 WITICHIJ
2030 2368 2106 2420 ad
2117 2383 2390 2419 meorum

182 2444 574 2494 imitationem
584 2441 688 2494 sua
699 2441 1096 2501 instrumenta,
1104 2447 1226 2493 tam
1236 2456 1355 2506 quo
1364 2441 1440 2493 ad
1450 2440 1742 2506 graduum
1750 2439 2197 2492 subdivisionem
2207 2454 2389 2503 quam

182 2513 659 2578 pinnacidiorum
679 2512 1153 2578 applicationem,
1179 2514 1504 2571 renovavit,
1531 2511 1774 2564 feliciter
1793 2513 1990 2563 utitur.
2018 2509 2218 2562 Habet
2236 2509 2388 2561 insu-

182 2600 287 2650 per
311 2583 442 2637 haec
467 2587 617 2637 ratio
643 2584 703 2636 id
728 2584 1043 2650 peculiare,
1071 2584 1231 2649 quod
1256 2599 1442 2648 parvo
1468 2583 1653 2648 spatio
1682 2581 2103 2647 comprehensa
2121 2581 2388 2632 Armillis

184 2658 362 2708 etiam
382 2655 679 2720 quibusvis
705 2655 988 2721 applicari
1013 2656 1189 2720 possit,
1217 2655 1377 2720 quod
1396 2657 1460 2706 in
1480 2654 1628 2720 alijs‚
1657 2653 1758 2706 ubi
1783 2653 2056 2718 plurimae
2077 2651 2390 2704 introrsum

184 2729 594 2780 circinationes
614 2727 925 2787 ducuntur,
946 2730 1145 2779 minus
1166 2729 1456 2792 competit.

256 2798 549 2851 Postremo
569 2798 848 2864 intellig0,
869 2804 924 2850 te
945 2801 1124 2850 etiam
1143 2800 1206 2850 in
1226 2796 1655 2863 triangulorum
1671 2796 1898 2848 erudita
1912 2795 2150 2847 scientia
2164 2797 2389 2860 egregie

186 2875 242 2923 et
260 2869 439 2922 solide
459 2869 769 2930 versatum,
797 2876 853 2922 et
878 2869 1232 2934 compendia
1251 2872 1314 2920 in
1333 2868 1426 2920 his
1446 2883 1834 2920 numerorum
1855 2862 1876 2935 ΙΙ
1897 2864 2226 2918 tractationi
2252 2865 2389 2918 faci-

184 2941 318 2993 liori
337 2940 710 2993 inservientia
729 2940 1025 3006 ingeniose
1046 2947 1101 2992 et
1121 2940 1338 2992 utiliter
1351 2939 1712 2998 adinvenire,
1735 2938 1894 3003 quod
1908 2937 2078 2998 faci0‚
2100 2944 2163 2989 ut
2176 2952 2284 3001 par
2298 2936 2389 2997 est,

183 3012 440 3078 plurimi.
469 3011 634 3076 Quin
659 3018 714 3064 et
741 3027 848 3077 ego
874 3011 1304 3076 triangulorum
1330 3010 1804 3076 supputationem
1827 3007 2390 3074 compendiofiorem

185 3083 427 3136 reddere
452 3098 578 3135 non
602 3098 817 3147 parum
841 3082 1124 3135 laboravi.
1153 3082 1214 3134 Si
1239 3089 1343 3134 tua
1369 3084 1547 3133 etiam
1572 3084 1814 3132 inventa
1841 3087 1896 3132 et
1922 3080 2193 3139 aliorum,
2223 3086 2388 3144 quot-

187 3161 330 3220 quot
349 3153 603 3206 nancisci
623 3153 795 3206 liceat
816 3153 972 3218 (plus
993 3155 1153 3205 enim
1172 3153 1373 3205 vident
1393 3152 1550 3204 oculi
1570 3167 1750 3216 quam
1773 3150 2004 3215 oculus)
2030 3166 2267 3203 mecum
2287 3166 2391 3215 per

92 3242 139 3277 40
188 3227 687 3290 opportunitatem
707 3226 1254 3285 communicaveriS,
1275 3239 1401 3276 rem
1421 3229 1752 3289 pergratam
1771 3222 2114 3288 praestiteriS.

259 3296 373 3349 Sed
401 3302 466 3348 ut
495 3295 763 3361 Epistolae
792 3295 1039 3348 modum
1067 3311 1192 3347 non
1221 3295 1519 3356 excedam,
1553 3309 1661 3347 nec
1690 3301 1746 3346 te
1774 3294 2141 3360 gravioribus
2172 3293 2391 3358 publici

189 3366 364 3434 officij
400 3367 679 3420 oneribus
711 3373 1064 3432 occupatum
1096 3368 1349 3419 nimium
1381 3366 1694 3426 detineam,
1730 3365 1910 3418 modo
1946 3364 2128 3417 finem
2159 3364 2389 3447 faci-am,

2118 3450 2389 3487 omnium
