2644 4030
275 309 381 361 280
810 307 1247 359 EPISTOLAE
1276 306 1939 359 ASTRONOMICAE

276 449 552 502 Brumale
574 444 952 516 Sol-nstitium‚
974 464 1097 499 non
1117 451 1202 499 uti
1223 450 1494 512 oportuit,
1515 452 1922 512 praecaverint;
1948 456 2012 500 ut
2031 449 2102 500 de
2124 449 2470 502 Instrumen·
2519 461 2571 502 lv

274 529 485 581 torum,
507 520 720 583 quibus
741 518 938 570 confifi
958 519 1103 577 sunt,
1125 522 1187 570 in
1206 526 1326 571 tam
1344 519 1533 571 subtili
1550 522 1879 580 rimatione,
1900 519 2309 572 insufficientia
2322 521 2472 573 nihil

275 593 482 644 dicam.
505 590 668 653 Quin
688 605 882 654 neque
902 590 1028 641 Poli
1049 589 1417 642 altitudinem
1441 606 1512 642 ex
1530 590 1665 642 Sole
1685 606 1789 655 per
1809 597 2125 655 utrumque
2141 591 2471 653 Somnium,

275 662 525 715 eandem
541 661 615 713 ob
631 660 881 722 causam,
904 664 1009 712 rite
1023 660 1255 713 scrutati
1268 661 1420 721 sunt;
1444 663 1593 713 adeo
1608 669 1671 713 ut
1687 677 1822 713 cum
1838 661 2077 727 ipsemet
2092 662 2471 728 Fruenburgi‚

273 738 335 785 in
355 733 486 785 loco
506 733 885 784 habitationis
904 732 1305 796 Copernice'ae,
1327 748 1431 797 per
1450 735 1756 797 proprium
1776 733 2228 785 Instrumentum
2247 736 2471 798 pericu-

272 806 398 857 lum
419 805 490 856 de
511 803 817 855 altitudine
832 803 1027 855 Polari
1040 810 1310 855 accurate
1327 804 1433 867 (uti
1447 803 1573 867 scis)
1589 803 1717 855 fieri
1732 805 2024 865 curassem,
2046 804 2473 869 deprehensum

273 876 351 935 fit,
381 875 569 939 ipsum
598 875 662 929 31}
691 875 941 926 Minutis
969 874 1240 926 eamdem
1269 874 1414 926 iusto
1439 878 1734 927 minorem
1764 875 2130 941 confignasse;
2161 877 2321 940 quod
2349 892 2473 928 non

272 962 485 1011 parum
514 946 599 997 illi
629 949 841 997 erroris
870 949 932 997 in
959 947 1226 1011 Apogaeo
1254 954 1309 997 et
1335 946 1771 998 Eccentricitate
1799 946 2005 1006 Solari,
2035 949 2159 998 una
2187 963 2322 999 cum
2350 953 2473 1000 toto

274 1022 401 1070 eius
422 1017 713 1070 curriculo
735 1023 1130 1082 competenter
1150 1018 1489 1069 denotando
1515 1020 1752 1078 invexit,
1780 1018 2240 1070 coincidentibus
2265 1025 2319 1070 et
2341 1018 2473 1084 alijs

274 1089 621 1154 quibusdam
641 1088 1046 1141 deviationum
1067 1088 1483 1149 occafionibuS,
1512 1105 1659 1153 quas
1683 1089 1823 1141 alibi
1843 1104 1880 1140 a
1899 1105 1994 1141 me
2015 1089 2295 1142 reseratas
2314 1105 2473 1142 nunc

272 1167 574 1225 praetereo.
604 1161 703 1211 An
724 1166 923 1212 autem
943 1160 1172 1212 summa
1192 1160 1488 1224 Eclipticae
1511 1160 1824 1224 obliquitas
1851 1163 1914 1212 in
1936 1160 2227 1225 posterum
2248 1160 2472 1226 aliqua-

272 1240 443 1284 tenus
473 1231 752 1284 accrescet
780 1231 875 1284 vel
906 1230 1307 1292 coarctabitur,
1338 1247 1462 1283 non
1491 1231 1641 1284 adeo
1670 1238 2009 1296 promptum
2039 1231 2114 1283 est
2143 1232 2471 1284 decernere.

274 1304 400 1356 Nec
436 1306 596 1355 enim
628 1303 984 1369 Hypothefis
1015 1303 1383 1368 Copernicea
1420 1303 1570 1367 (utut
1605 1303 1929 1355 admodum
1963 1303 2284 1368 ingeniosa)
2322 1306 2474 1356 circa

274 1373 718 1440 AEquinodtium
745 1382 799 1427 et
825 1374 1004 1427 huius
1025 1374 1383 1439 obliquitatis
1408 1377 1814 1434 mutationem,
1842 1375 2041 1426 locum
2066 1380 2338 1427 meretur.
2362 1374 2472 1426 Ve-

273 1446 566 1499 rifimilius
585 1452 785 1498 tamen
806 1447 974 1507 dum,
995 1446 1150 1498 hanc
1169 1445 1463 1510 Eclipticae
1479 1446 1552 1498 ab
1568 1445 1891 1510 AEquatore
1913 1446 2328 1511 digressionem,
2348 1445 2473 1498 sub-

273 1518 644 1583 sequentibus
670 1517 895 1570 saeculis
920 1517 1234 1582 paululum
1261 1517 1569 1569 dilatatum
1594 1520 1681 1569 iri.
1711 1517 2234 1581 Quemadmodum
2260 1518 2473 1569 Eccen-

274 1592 581 1641 tricitatem
605 1589 756 1641 Solis
782 1605 942 1640 nunc
970 1592 1147 1641 etiam
1172 1589 1529 1653 pedetentim
1555 1592 1773 1652 augeri,
1800 1604 1923 1640 non
1949 1595 2150 1641 autem
2176 1591 2330 1641 circa
2355 1591 2473 1640 citi-

274 1677 441 1713 mum
479 1661 935 1721 decrementum,
975 1667 1038 1712 ut
1075 1660 1182 1711 fert
1219 1660 1587 1725 Copernicea
1621 1663 2008 1720 ratiocinati0‚
2041 1659 2272 1720 versari,
2311 1659 2474 1714 haud

275 1733 466 1797 dubijs
498 1732 717 1797 inditijs
750 1738 1115 1796 compertum
1147 1731 1357 1783 habeo,
1392 1731 1519 1783 Nec
1552 1731 1702 1783 adeo
1734 1734 1954 1784 mirum
1984 1731 2074 1792 est,
2106 1730 2473 1784 COPERNI-

276 1803 459 1856 CUM
486 1803 598 1855 hac
623 1806 686 1855 in
712 1810 875 1868 parte
903 1804 1212 1867 deceptum
1238 1802 1410 1862 fuisse,
1442 1819 1578 1855 cum
1607 1802 1790 1867 ipsam
1817 1818 2054 1867 quoque
2081 1802 2166 1855 sui
2194 1805 2475 1867 temporis

275 1874 426 1927 Solis
457 1875 973 1934 Eccentricitatem,
1004 1876 1127 1926 una
1156 1890 1291 1926 cum
1314 1875 1599 1939 ApogaeO,
1629 1877 1827 1925 minus
1857 1874 2055 1926 dextre
2084 1874 2366 1926 scrutatus
2394 1873 2473 1934 fit,

275 1947 349 1998 ob
380 1945 581 1998 causas
611 1946 730 1998 alio
761 1946 892 1997 loco
924 1946 1009 2009 (ut
1039 1945 1182 2008 dixi)
1213 1962 1249 1997 a
1277 1961 1373 1997 me
1403 1945 1812 1997 manifestatas
1848 1945 1937 1997 Est
1969 1948 2129 1997 enim
2161 1947 2314 1998 circa
2344 1944 2475 1997 haec

273 2024 539 2082 tempora
554 2018 961 2069 Eccentricitas
977 2017 1128 2068 Solis
1148 2032 1290 2068 vera
1310 2024 1363 2068 et
1383 2017 1629 2069 indubia
1647 2023 1791 2081 part.
1807 2017 1857 2069 2.
1879 2017 2031 2068 Min.
2047 2017 2096 2078 9,
2118 2017 2190 2069 de
2210 2016 2280 2069 60
2298 2019 2475 2068 totius

274 2088 705 2141 Semidiametri
744 2089 1062 2140 Eccentrici
1099 2088 1153 2139 13
1192 2091 1459 2153 proxime
1497 2088 1781 2153 scrupulis
1817 2090 2009 2141 maior
2048 2087 2475 2141 COPERNICI

274 2162 577 2224 opinione;
600 2167 654 2212 et
668 2161 1003 2225 Apogaeum
1016 2160 1275 2211 versatur
1294 2159 1408 2211 hoe
1428 2175 1590 2211 anno
1610 2159 1792 2225 paulo
1812 2159 1932 2224 post
1948 2160 2323 2212 medietatem
2335 2159 2475 2211 sexti

273 2231 487 2297 gradus
521 2234 580 2292 Θ
613 2231 788 2296 ipfius
820 2233 1232 2283 numeratione
1265 2231 1329 2285 33
1363 2231 1661 2283 Gradibus
1694 2234 1955 2283 anterius
1990 2231 2172 2295 (velut
2204 2233 2382 2283 etiam
2412 2233 2476 2282 in

274 2302 639 2367 reliquorum
672 2303 1049 2355 Planetarum
1081 2304 1360 2368 Apogaeis
1397 2303 1770 2367 disponendis
1804 2318 1927 2354 non
1962 2305 2166 2367 paucis
2200 2302 2475 2368 gradibus

275 2374 348 2426 ab
370 2390 441 2426 eo
461 2381 767 2439 peccatum
788 2374 878 2434 est,
900 2381 964 2426 ut
982 2375 1447 2426 Eccentricitates
1468 2374 1685 2426 horum
1705 2390 1864 2426 nunc
1880 2373 2252 2438 praeteream)
2274 2389 2474 2438 quem-

275 2445 597 2498 admodum
628 2445 876 2510 idipsum
907 2445 1201 2510 exquifitis
1231 2445 1732 2498 observationibus
1760 2452 1815 2497 et
1841 2448 2008 2497 certis
2038 2444 2474 2497 demonstratio-

274 2517 448 2569 nibus
478 2533 514 2569 a
543 2533 638 2569 me
670 2518 772 2568 esse
803 2517 1205 2576 adinventum,
1239 2516 1477 2581 ipsemet
1508 2517 1641 2569 satis
1672 2515 2032 2581 perspectum
2063 2516 2269 2577 habes;
2302 2522 2476 2582 prout

276 2590 451 2641 etiam
479 2596 652 2653 caput
678 2592 937 2653 primum
965 2591 1274 2640 anterioris
1301 2588 1475 2640 nostri
1506 2587 1681 2640 Tomi
1707 2591 2102 2640 recentiorum
2129 2587 2287 2641 Coeli
2308 2587 2473 2640 Phae-

274 2675 606 2720 nomenoen,
628 2660 758 2712 haec
780 2666 834 2712 et
854 2660 973 2712 alia
993 2660 1068 2712 ad
1086 2660 1306 2713 Solaris
1327 2659 1525 2712 cursus
1545 2667 1882 2712 accuratam
1902 2659 2320 2712 restitutionem
2339 2658 2474 2711 faci-

276 2734 448 2791 entia,
482 2730 707 2783 affatim
736 2731 1008 2796 patefacit
1038 2738 1215 2796 atque
1245 2731 1613 2783 demonstrat.
1647 2731 1770 2783 Illic
1797 2731 1962 2783 brevi
1991 2730 2374 2783 MAGINUS
2404 2745 2476 2782 ea

276 2818 410 2867 quae
443 2806 505 2854 in
535 2803 754 2855 Solaris
785 2805 1033 2855 tramitis
1065 2803 1419 2855 restitutione
1451 2801 1737 2855 hac'tenus
1770 2802 2166 2855 desiderantur
2198 2804 2476 2854 extricata

274 2877 538 2939 reperiet,
567 2874 780 2939 quibus
805 2877 982 2926 etiam
1005 2874 1374 2938 postmodum
1395 2877 1457 2926 in
1476 2874 1715 2926 suarum
1735 2873 2196 2938 Ephemeridum
2215 2875 2474 2938 recogni-

274 2948 433 2997 tione
463 2952 605 3007 tut0,
638 2946 853 3010 absque
883 2948 1101 2997 iniuria
1131 2945 1449 2997 coelestium
1478 2948 1976 3010 apparentiarum‚
2009 2947 2094 2996 uti
2122 2946 2347 3009 poterit.
2381 2944 2474 2996 De

276 3017 665 3069 declinatione
681 3017 922 3069 Zodiaci
942 3019 1222 3076 maxima,
1245 3033 1323 3069 an
1343 3033 1613 3081 unquam
1631 3019 1823 3069 maior
1842 3016 2031 3077 fuerit,
2053 3031 2236 3080 quam
2249 3031 2286 3068 a
2299 3015 2473 3068 PTO·

277 3087 580 3140 LEMAEO
597 3095 651 3139 et
667 3091 792 3139 eius
807 3088 1032 3153 aliquot
1046 3088 1490 3140 antecessoribus
1505 3089 1777 3153 assignata
1791 3087 1881 3148 est,
1904 3087 2000 3139 etsi
2017 3086 2293 3138 nonnihil
2307 3089 2475 3139 certis

277 3158 347 3210 de
375 3158 557 3210 causis
584 3160 896 3224 ambigam,
923 3160 1084 3212 malo
1110 3166 1311 3212 tamen
1338 3175 1546 3211 eorum
1573 3159 1938 3211 denotationi
1958 3157 2338 3222 acquiescere,
2366 3172 2474 3209 nec

2545 753 2567 787 5

2527 1106 2569 1141 10

2528 1463 2569 1497 15

2523 1819 2570 1854 20

2524 2176 2570 2210 25

2524 2888 2570 2923 35

276 3228 608 3281 sensibiliter
633 3233 923 3282 maiorem
949 3237 1125 3283 antea
1150 3230 1306 3282 fuisse
1332 3231 1593 3283 statuere.
1621 3231 1721 3283 An
1745 3236 1947 3282 tamen
1966 3232 2030 3281 in
2048 3229 2180 3294 ipfis
2201 3229 2474 3294 Minutijs
2522 3243 2570 3279 40

276 3299 514 3351 illorum
539 3300 863 3353 observatio
887 3305 993 3353 rite
1017 3302 1246 3362 constet,
1274 3308 1395 3354 tam
1416 3302 1953 3361 Instrumentorum,
1982 3300 2193 3365 quibus
2219 3300 2303 3352 usi
2327 3299 2472 3360 sunt,

278 3374 339 3422 in
364 3373 625 3423 minimis
652 3373 1255 3425 animadversionibus
1285 3373 1536 3434 fallacia,
1567 3389 1748 3437 quam
1774 3372 2154 3425 Parallaxeos
2177 3378 2474 3494 ἓζιέὶιῗοὲζ
