2664 4030
97 1092 139 1127 10

98 1449 139 1484 15

93 1806 140 1841 20

95 2164 140 2199 2⁵

95 2520 142 2622 48

96 2877 142 2912 35

453 285 758 340 TYCHO
785 285 907 338 AD
935 285 1114 339 IOH.
1142 283 1663 338 PRATENSEM
1690 285 1751 337 14
1780 284 1951 337 FEB.
1981 285 2126 338 1576
2324 286 2394 338 29

185 437 295 483 tur.
316 430 515 495 Atque
533 430 604 483 de
622 428 716 482 his
732 445 892 482 nunc
906 428 1061 490 satis;
1082 428 1256 494 plura
1269 434 1326 482 et
1337 427 1802 494 particulariora,
1823 427 1926 481 ubi
1938 427 2194 493 praesens
2207 427 2394 490 fuero,

186 501 490 567 intelliges,
510 502 735 554 Verum
755 507 1078 566 antequam
1099 500 1400 566 epistolam
1427 499 1719 560 claudam,
1746 515 1938 552 unum
1963 499 2159 552 adhuc
2185 499 2394 553 restare

186 573 360 626 video
388 572 830 633 discutiendum,
858 572 1018 637 quod
1044 572 1338 637 prioribus
1363 574 1639 632 intentuS,
1666 570 1850 623 ferme
1876 574 2294 636 praeterieram,
2322 572 2394 624 de

187 647 470 710 opinione
496 644 600 696 illa
626 644 914 704 Pliniana,
942 644 1018 696 ad
1038 659 1221 708 quam
1242 643 1482 708 quidem
1507 658 1632 696 non
1657 649 1780 695 tam
1805 642 2083 703 absolute,
2110 650 2285 708 prout
2310 646 2395 695 rei

187 715 375 768 moles
403 718 593 781 exigit,
620 731 781 768 nunc
806 731 903 767 me
930 714 1218 768 resolvere
1245 715 1432 776 datur,
1460 730 1597 780 quae
1622 720 1824 766 tamen
1845 714 2031 767 obiter
2057 721 2112 766 et
2136 721 2260 767 tam
2281 717 2395 767 cito

188 790 251 840 in
275 794 537 840 mentem
559 789 762 839 venire
784 782 805 856 ΙΙ
824 788 1065 852 possunt,
1093 787 1302 839 dicam.
1330 786 1566 849 PLINIJ
1594 786 1692 838 ille
1718 786 1901 847 locuS,
1929 801 2108 851 quem
2134 785 2394 848 adduciS,

187 860 418 911 videtur
437 858 750 919 obscurior,
772 874 954 924 quam
975 858 1135 923 quod
1154 861 1218 911 in
1238 860 1561 911 continenti
1580 873 1718 910 eum
1735 857 1969 923 prorsus
1985 857 2243 910 enodare
2258 873 2394 910 con-

188 931 444 991 cedatur,
474 946 669 995 neque
700 932 877 990 enim,
908 945 1044 995 quae
1070 930 1258 982 voluit
1287 930 1495 990 dicere,
1525 928 1680 982 visus
1710 929 1800 982 est.
1831 929 1960 981 Imo
1988 944 2126 982 mea
2154 929 2395 994 quidem

189 1004 488 1067 opinione,
518 1001 625 1054 nifi
649 1001 823 1066 plura
847 1001 961 1054 hac
987 1001 1059 1054 de
1085 1016 1148 1053 re
1174 1001 1524 1054 intellexerit
1550 1016 1734 1066 quam
1758 999 1985 1065 scripsit,
2015 999 2117 1053 fibi
2142 1000 2245 1065 ipfi
2270 1016 2395 1053 non

187 1072 465 1133 satiffecit,
486 1073 709 1126 nedum
728 1073 877 1139 alijs‚
899 1073 1043 1124 Non
1063 1073 1304 1137 quidem
1325 1073 1573 1125 dubium
1593 1071 1669 1124 est
1687 1071 1956 1137 planetas
1971 1071 2046 1124 ad
2061 1071 2260 1124 Solem
2278 1075 2394 1124 evi-

188 1144 426 1197 dentem
455 1145 718 1197 obtinere
747 1144 1114 1205 relationem,
1145 1151 1322 1209 atque
1352 1142 1611 1209 respedtu
1640 1146 1767 1195 eius
1797 1143 2089 1196 Stationes
2116 1149 2170 1195 et
2197 1143 2394 1196 Retro-

187 1216 578 1282 gradationeS,
611 1222 789 1280 atque
821 1215 1144 1267 nonnullas
1175 1215 1609 1280 inaequalitates
1642 1221 2009 1279 apparentes,
2041 1221 2164 1267 tam
2197 1215 2396 1279 quoad

188 1288 461 1354 Longum
490 1303 673 1352 quam
702 1287 933 1352 Latum,
967 1285 1327 1339 differentias
1357 1286 1652 1347 exhibere,
1686 1292 1746 1338 at
1774 1286 1935 1350 quod
1964 1288 2118 1338 circa
2145 1285 2396 1338 Trinum

189 1359 341 1412 Solis
369 1375 552 1424 quam
576 1361 845 1424 proxime
871 1358 1012 1410 stent
1037 1357 1366 1423 superiores
1385 1364 1501 1410 tres
1520 1357 1798 1418 Planetae,
1826 1356 2116 1422 radijsque
2138 1357 2290 1409 Solis
2309 1360 2395 1409 in-

188 1431 520 1490 hibeantur,
541 1428 882 1494 reaumque
903 1435 1081 1495 agant
1100 1429 1350 1489 cursum,
1372 1435 1428 1481 et
1446 1432 1621 1495 ignea
1640 1431 1768 1480 eius
1784 1431 1844 1480 vi
1860 1431 1924 1480 in
1936 1427 2181 1480 sublime
2195 1428 2395 1481 levan-

187 1509 282 1555 tur
303 1502 411 1566 (uti
431 1502 503 1554 de
522 1500 616 1554 his
637 1499 822 1554 dictus
842 1503 1226 1553 ratiocinatur
1244 1499 1581 1564 PLINIUS)
1601 1506 1729 1552 tum
1749 1515 1989 1565 quoque
2011 1514 2083 1551 ea
2102 1515 2238 1564 quae
2255 1515 2398 1551 mox

189 1575 261 1626 de
275 1572 895 1638 Retrogradationibus
914 1571 1223 1638 subiungit,
1243 1588 1368 1624 non
1381 1573 1556 1625 video
1574 1571 1878 1637 quomodo
1899 1570 2158 1623 constare
2178 1572 2396 1635 possint.

188 1645 402 1710 Neque
430 1646 591 1696 enim
616 1643 768 1697 Solis
794 1643 940 1710 radij
971 1643 1134 1709 quafi
1160 1645 1370 1696 catena
1394 1650 1498 1696 aut
1523 1643 1643 1696 alia
1669 1643 1931 1708 quadam
1958 1641 2396 1695 combinatione

187 1717 318 1769 sunt
331 1731 468 1769 cum
481 1716 737 1768 Planetis
751 1715 989 1780 alligati,
1011 1731 1132 1780 qua
1151 1731 1254 1767 eos
1273 1715 1387 1768 hac
1406 1715 1502 1768 vel
1521 1714 1656 1767 illac
1676 1714 1999 1779 impellant,
2020 1713 2275 1776 trahant,
2297 1721 2397 1766 aut

188 1787 507 1848 retrahant,
533 1787 640 1839 nifi
659 1790 780 1839 vim
805 1786 1110 1852 quandam
1130 1786 1292 1851 quafi
1312 1787 1716 1852 Magneticam
1741 1786 1856 1838 illis
1882 1785 1996 1838 hoc
2021 1785 2202 1838 modo
2228 1786 2398 1838 inesse

187 1861 604 1925 imaginemur;
630 1865 685 1911 et
704 1874 780 1911 ne
800 1858 874 1910 fic
895 1858 1136 1923 quidem
1155 1861 1341 1911 motio
1363 1861 1470 1910 erit
1490 1857 1816 1911 coelestibus
1837 1863 2176 1922 competens
2196 1863 2397 1922 utpote

189 1930 489 1984 circularis
510 1937 566 1983 et
584 1930 885 1996 regularis
915 1930 1162 1983 Certum
1181 1932 1342 1982 enim
1363 1930 1438 1982 est
1458 1930 1838 1983 Planetarum
1864 1931 2158 1981 motiones
2178 1928 2398 1993 ubique

189 2002 594 2056 orbiculariter
612 2001 758 2063 fieri,
779 2001 876 2054 vel
896 2017 969 2054 ex
990 2000 1418 2054 orbicularibus
1433 2004 1727 2066 componi,
1750 2001 2002 2065 ideoque
2018 2016 2090 2052 ea
2104 2015 2239 2065 quae
2254 2000 2397 2052 PLI-

189 2074 380 2127 NIUS
399 2073 669 2135 insinuat,
690 2073 732 2125 fi
751 2074 828 2126 ad
848 2073 1048 2126 Solem
1068 2073 1378 2125 referenda
1396 2073 1543 2134 sunt,
1572 2072 1732 2137 quod
1757 2075 1936 2124 etiam
1955 2071 2083 2123 fieri
2103 2072 2253 2136 posse
2274 2087 2398 2123 non

188 2145 436 2206 inficior,
464 2144 584 2197 alia
610 2147 839 2197 ratione
866 2144 1221 2210 applicanda
1245 2147 1508 2206 veniunt,
1537 2144 1608 2196 de
1636 2159 1756 2208 qua
1781 2158 2220 2207 nonnunquam
2247 2145 2397 2208 cogi-

189 2220 326 2278 tavi,
346 2217 442 2269 sed
462 2216 734 2269 nondum
752 2216 887 2268 satis
907 2231 1004 2267 me
1024 2215 1250 2275 resolvi,
1272 2222 1335 2268 ut
1354 2215 1624 2268 videlicet
1643 2215 1926 2267 tollantur
1947 2214 2204 2280 Epicycli
2226 2214 2399 2279 (quos

189 2295 414 2341 veteres
436 2290 613 2340 etiam
632 2304 758 2341 non
778 2286 1110 2351 assumpfisse
1130 2302 1202 2339 ex
1219 2287 1486 2339 PLINIO
1507 2286 1713 2351 liquet)
1736 2292 1790 2338 et
1809 2285 2199 2338 nihilominus
2219 2301 2397 2351 appa-

190 2363 395 2412 rentiae
411 2359 683 2412 constent.
705 2359 820 2412 Sed
834 2358 1096 2410 existimo
1110 2358 1453 2411 PLINIUM
1468 2357 1624 2410 hanc
1637 2357 1804 2410 suam
1817 2357 2276 2423 speculationem
2290 2373 2397 2408 un-

191 2432 502 2496 decunque
521 2429 763 2483 tandem
783 2436 1085 2495 acceptam
1105 2435 1161 2482 et
1181 2429 1722 2494 quomodocunque
1742 2427 2097 2482 intellectam
2110 2431 2174 2480 in
2186 2431 2399 2493 praxin

192 2509 247 2555 et
266 2502 437 2555 usum
457 2501 746 2554 deducere
765 2501 1098 2566 nequivisse,
1124 2500 1379 2565 ideoque
1400 2500 1805 2553 difficultatem
1826 2501 2130 2565 quandam
2155 2499 2252 2552 hic
2271 2499 2397 2552 sub-

192 2575 295 2626 esse
322 2573 541 2626 fassum.
569 2572 773 2626 Simile
800 2572 942 2638 quid
969 2571 1128 2637 apud
1148 2571 1622 2632 VITRUVIUM,
1651 2574 1755 2636 qui
1775 2571 1878 2624 diu
1897 2578 2035 2624 ante
2054 2571 2398 2623 PLINIUM

190 2645 314 2707 fuit,
348 2647 651 2710 reperitur,
684 2644 780 2696 sed
811 2644 977 2696 locus
1006 2659 1168 2696 nunc
1195 2659 1320 2696 non
1348 2643 1640 2696 succurrit.
1675 2643 1729 2695 Is
1758 2659 1900 2695 vero
1930 2641 2398 2695 Architedtonice

189 2719 377 2783 magis
392 2732 575 2782 quam
585 2716 990 2768 Astronomice
1006 2721 1061 2767 et
1077 2714 1451 2768 Geometrice
1467 2720 1746 2767 executus
1759 2714 2005 2774 videtur,
2022 2729 2095 2766 ex
2109 2729 2228 2778 quo
2242 2713 2399 2766 hanc

189 2788 537 2840 sententiam
562 2787 906 2840 PLINIUM
932 2786 1170 2839 hauflsse
1190 2785 1518 2838 verosimile
1540 2786 1630 2847 est,
1658 2785 1791 2838 licet
1810 2788 1860 2837 is
1880 2785 2130 2850 idipsum
2150 2785 2397 2837 dissimu-

190 2859 322 2912 lans
349 2875 484 2912 eam
509 2859 611 2911 libi
636 2861 939 2925 propriam
966 2864 1021 2910 et
1046 2860 1339 2923 privatam
1365 2858 1606 2911 asseruit.
1633 2858 1859 2909 Verum
1885 2857 1956 2909 de
1982 2856 2076 2908 his
2100 2855 2203 2909 ubi
2232 2856 2307 2909 D.
2328 2856 2396 2908 V.

192 2933 662 2991 convenerimuS‚
684 2936 739 2983 et
753 2929 1141 2983 commoditas
1155 2928 1387 2982 dabitur
1401 2929 1544 2982 talia
1557 2927 1930 2994 disquirendi,
1951 2928 2195 2980 ulterius
2209 2927 2398 2992 philo-

191 3001 588 3067 sophabimur.
618 3001 711 3054 Tu
742 3017 901 3062 vero,
935 3004 1018 3053 mi
1051 3000 1372 3053 charissime
1404 2999 1838 3061 PRATENSIS,
1873 3015 2056 3065 quam
2087 2999 2398 3052 felicissime

191 3073 342 3132 vale,
370 3080 426 3125 et
451 3073 785 3125 Dominum
810 3072 1252 3125 DANZAEUM
1278 3071 1540 3125 nostrum
1559 3087 1632 3124 ex
1651 3086 1747 3124 me
1768 3070 2023 3124 officiose
2042 3070 2251 3132 saluta;
2278 3086 2397 3122 me-

193 3159 309 3209 que
336 3147 489 3196 intra
512 3159 753 3209 paucOS,
780 3147 866 3196 uti
893 3144 1029 3204 dixi,
1057 3143 1181 3196 dies
1206 3142 1367 3196 isthic
1387 3143 1565 3196 ambo
1584 3142 1913 3195 incolumes
1935 3141 2249 3207 expectate.
2278 3142 2398 3194 Da-

98 3233 145 3268 40
192 3216 408 3269 bantur
427 3231 459 3268 e
478 3215 610 3268 sede
629 3215 823 3268 nostra
842 3214 1338 3280 Knudsdorpiana
1358 3214 1451 3268 die
1471 3215 1545 3267 14.
1567 3213 1867 3280 Februarij
1891 3215 1963 3266 Α.
1986 3214 2130 3267 1576.

1740 3320 1982 3374 TYCHO
2009 3321 2254 3373 BRAHE.

2289 3423 2397 3489 [Ex
