2644 4030
270 304 363 356 312
803 300 1240 354 EPISTOLAE
1266 300 1934 354 ASTRONOMICAE

270 460 382 499 eos
403 458 596 511 agere
609 445 778 510 puto,
803 445 883 504 ut,
907 458 1049 496 cum
1072 456 1319 496 omnem
1336 442 1933 509 moverintlapidem
1950 442 2281 510 omniaque
2297 443 2466 496 undi-

272 530 391 582 que
403 514 630 581 conqui
622 512 893 579 siverint,
912 528 1052 580 quae
1062 511 1494 578 Aristoteleam
1497 512 1876 580 sententiam
1889 513 2279 577 confirmare,
2297 517 2466 567 tuam

271 601 424 640 vero
442 582 821 638 labefactare
841 588 953 638 aut
963 584 1212 638 dubiam
1226 586 1488 638 reddere
1506 584 1852 647 videantur,
1874 599 1951 638 ea
1974 584 2083 638 tibi
2093 589 2464 653 proponant,
2528 590 2532 593 ’

270 661 567 724 tanquam
594 657 676 708 ad
698 655 964 724 Lydium
993 656 1266 722 lapidem
1292 656 1727 718 examinanda,
1759 657 2038 723 adeoque
2068 655 2328 721 caussam
2360 656 2471 710 tibi

263 728 606 796 praebeant,
630 726 999 780 eruditionis
1020 730 1146 780 tuae
1162 728 1325 789 Sole,
1349 742 1571 781 omnes
1593 726 1846 780 omnino
1866 742 2151 781 errorum
2173 728 2468 781 tenebras
2516 746 2538 781 5

268 814 394 852 non
414 799 611 861 modo,
626 797 743 865 sed
755 800 859 851 Vel
869 796 1204 863 levissimas
1217 799 1563 852 nubeculas
1584 796 1899 865 dissipandi
1917 796 2468 866 exactissimamque

268 872 494 923 harum
520 884 733 923 rerum
762 867 1099 923 doctrinam
1122 868 1467 937 posteritati
1486 869 1871 937 perficiendi.
1906 869 2026 935 Oui
2042 868 2093 935 Ji
2112 871 2234 923 hac
2259 872 2468 923 mente

270 945 476 995 tecum
509 943 768 1003 certant,
802 955 905 993 nae
937 956 1058 1009 ego
1088 941 1218 994 illis
1248 956 1434 1008 quam
1463 939 1739 994 maxime
1766 942 1926 996 bene
1955 940 2153 1008 cupio,
2181 939 2271 1007 sin
2301 941 2473 994 aliud

270 1015 480 1080 agunt,
491 1012 911 1080 pertinaciam
927 1012 1174 1079 quidem
1189 1028 1406 1066 eorum
1422 1012 1561 1066 odio
1576 1011 1831 1079 dignam
1847 1010 2136 1078 existimo.
2157 1013 2229 1064 Id
2240 1015 2467 1075 tamen,

271 1085 434 1151 quod
443 1083 798 1151 pertinacia
809 1082 927 1150 sua
942 1083 1008 1136 in
1027 1099 1357 1137 commune
1378 1082 1748 1138 beneficium
1771 1083 1882 1137 tibi
1898 1081 2304 1149 extorserunt,
2325 1081 2469 1151 ipsis

272 1157 502 1218 Valere,
528 1157 631 1209 vel
643 1155 858 1222 potius
877 1170 1003 1208 non
1020 1157 1237 1209 Valere
1249 1153 1431 1220 iussis,
1451 1152 1795 1222 vampledtor
1805 1170 1932 1208 non
1939 1153 2143 1221 secuS,
2166 1169 2242 1208 ac
2248 1152 2299 1221 si
2307 1155 2470 1208 bona

268 1227 334 1279 id
348 1229 559 1280 mente
579 1225 866 1291 fecissent,
890 1227 965 1280 de
986 1241 1183 1294 eoque
1203 1226 1590 1294 Reipublicae
1608 1226 1910 1280 literariae
1924 1227 2228 1294 gratulor.
2237 1243 2261 1273 «

340 1299 493 1351 Haec
514 1298 871 1352 CURTIUS.
895 1298 1008 1350 Sed
1024 1305 1079 1350 et
1093 1299 1235 1363 quid
1249 1299 1320 1350 de
1336 1298 1752 1364 hypothesibus
1765 1298 1970 1350 nostris
1986 1300 2296 1350 neotericis
2313 1298 2470 1350 idem

268 1370 754 1434 praestantissimus
778 1372 868 1422 vir
895 1369 1142 1431 senserit,
1173 1370 1456 1435 liquidem
1484 1376 1548 1422 tu
1578 1385 1679 1422 eas
1709 1385 1947 1435 quoque
1975 1384 2317 1435 oppugnare
2346 1385 2471 1422 non

269 1445 622 1494 intentatum
651 1441 950 1506 relinquiS‚
980 1443 1104 1493 una
1133 1447 1419 1494 annotare
1446 1457 1570 1493 non
1596 1441 1700 1494 abs
1726 1457 1788 1493 re
1814 1441 2003 1493 fuerit.
2035 1441 2104 1492 In
2131 1441 2340 1493 eadem
2364 1443 2468 1493 ita-

270 1529 385 1578 que
413 1512 651 1578 epistola
674 1512 1044 1578 postmodum
1065 1513 1136 1565 de
1157 1512 1250 1564 his
1272 1512 1345 1564 fic
1370 1513 1653 1578 loquitur:
1685 1513 1821 1565 »Ad
1843 1527 1936 1575 ea,
1966 1525 2106 1579 quae
2131 1510 2319 1565 novis
2345 1510 2471 1565 tuis

268 1582 706 1652 hypothesibus
719 1581 1024 1637 hactenus
1038 1581 1271 1637 obiecta
1283 1582 1324 1651 s
1321 1586 1444 1647 unt,
1459 1582 1656 1651 solide
1669 1583 1827 1636 mihi
1840 1582 2077 1637 Videris
2089 1580 2468 1650 respondisse,

270 1670 475 1722 neque
493 1670 612 1723 ego
632 1654 962 1722 quicquam
982 1655 1046 1707 in
1067 1654 1149 1723 ijs
1166 1653 1516 1722 absurdum,
1529 1654 1645 1722 sed
1662 1654 1872 1708 omnia
1891 1654 2166 1708 invicem
2181 1655 2470 1722 pulcher-

269 1726 429 1780 rime
463 1726 876 1794 congruentia
907 1726 1191 1788 invenio,·
1225 1741 1306 1778 an
1341 1741 1493 1780 vero
1526 1725 1905 1795 hypotheses
1939 1723 2080 1791 istae,
2117 1725 2185 1778 id
2214 1726 2378 1792 quod
2405 1725 2471 1777 in

276 1797 748 1865 Copernicianis
776 1795 1163 1863 desideratur,
1187 1795 1558 1864 praestiturae
1575 1796 1706 1864 sint,
1737 1801 1805 1851 ut
1820 1795 2064 1863 scilicet
2087 1794 2304 1851 exacta
2323 1794 2469 1862 side-

270 1884 410 1922 rum
429 1871 568 1922 loca
591 1870 673 1921 ad
683 1868 1024 1936 praeterita,
1046 1868 1386 1936 praesentia
1407 1871 1472 1923 et
1488 1868 1700 1922 futura
1723 1872 2003 1936 tempora
2022 1867 2205 1921 nobis
2225 1867 2471 1921 exhibe-

272 1943 395 2002 ant,
419 1941 494 1993 de
515 1955 590 1993 eo
612 1943 742 1993 tum
764 1941 1011 1993 demum
1031 1939 1431 1993 iudicandum
1454 1940 1587 2003 erit,
1613 1940 1718 1993 ubi
1735 1939 1944 1993 maius
1962 1939 2130 2002 illud,
2161 1940 2325 2007 quod
2344 1954 2471 1992 mo-

269 2010 423 2074 liriS,
448 2026 607 2078 opus
625 2011 691 2063 in
711 2014 917 2065 lucem
932 2011 1252 2079 prodierit.
1274 2013 1494 2078 Neque
1515 2011 1681 2065 enim
1704 2011 1927 2075 dubito,
1951 2010 2098 2078 quin
2112 2010 2178 2063 in
2193 2025 2269 2064 eo
2284 2025 2472 2078 opere

272 2082 548 2136 omnium
576 2085 848 2145 aetatum,
879 2086 1178 2150 quotquot
1200 2085 1431 2146 extant,
1462 2081 1810 2137 exactiores
1837 2081 2306 2149 observationes
2328 2097 2471 2135 cum

273 2153 412 2217 tuis,
437 2169 595 2221 quas
610 2152 1014 2219 exadtissimas
1028 2152 1141 2220 esse
1155 2157 1329 2208 certo
1339 2154 1498 2207 mihi
1502 2152 1866 2222 persuadeo,
1881 2153 2127 2221 summa
2148 2152 2473 2222 diligentia

273 2225 631 2288 contuleris,
665 2226 933 2293 indeque
962 2241 1194 2279 novam
1223 2227 1391 2279 hanc
1419 2226 1643 2279 Mundi
1668 2226 2050 2288 Machinam,
2083 2224 2296 2278 divino
2315 2223 2473 2292 sane

270 2296 542 2365 ingenio,
565 2297 971 2351 extruxeriS.«

343 2369 762 2421 Eruditissimus
783 2369 1017 2434 insuper
1038 2375 1093 2422 et
1112 2369 1598 2435 praestantissimus
1618 2369 1716 2421 ille
1736 2368 2231 2429 THADDAEUS,
2259 2368 2331 2420 de
2352 2383 2472 2433 quo

272 2440 409 2501 dixi,
437 2441 647 2493 eodem
673 2447 936 2506 tempore
962 2440 1110 2493 mihi
1136 2441 1366 2506 copiose
1391 2441 1686 2506 scripserat
1706 2447 1883 2506 atque
1902 2440 2068 2493 suam
2089 2440 2160 2492 de
2180 2439 2293 2492 hac
2313 2440 2472 2505 Apo-

271 2512 427 2577 logia
440 2512 633 2564 nostra
647 2512 949 2567 censuram
966 2519 1293 2577 aperuerat,
1312 2512 1708 2578 quaedamque
1726 2512 1845 2565 alia
1860 2527 1968 2577 pro
1982 2511 2037 2564 se
2052 2511 2327 2564 adversus
2340 2517 2472 2563 tuas

272 2586 334 2635 in
352 2599 490 2635 eum
508 2584 1031 2637 animadversionis
1049 2584 1324 2636 facientia
1344 2584 1663 2645 addiderat,
1686 2599 1822 2649 quae
1841 2584 2064 2649 fingula
2085 2589 2358 2647 excerpta
2376 2582 2473 2635 hic

272 2671 511 2720 quoque
532 2657 671 2717 una,
698 2662 762 2707 ut
787 2656 889 2708 tibi
910 2656 1181 2716 constent,
1207 2656 1518 2721 assignabo:
1551 2672 1575 2703 »
1586 2655 1764 2720 Quod
1780 2656 1863 2708 ad
1878 2653 2358 2722 Apologeticam
2377 2668 2472 2707 re-

264 2724 651 2793 sponsionem
685 2729 856 2780 tuam
881 2726 1172 2794 pertinet,
1206 2728 1373 2780 hanc
1403 2722 1423 2795 ΙΙ
1454 2741 1698 2794 quoque
1723 2726 1977 2795 perlegi
2006 2723 2470 2793 diligentissime,
2509 2733 2586 2778 16r

274 2812 473 2865 eaque
491 2797 648 2864 sane
673 2797 938 2852 mirifice
957 2796 1098 2864 sum
1119 2795 1475 2852 deledtatuS.
1506 2799 1653 2851 Tam
1664 2797 1863 2865 solide
1884 2797 2050 2852 enim
2072 2799 2136 2851 et
2156 2799 2284 2850 tam
2302 2797 2472 2850 lucu-

272 2870 441 2922 lente
474 2868 830 2936 respondeS,
865 2873 929 2923 et
959 2867 1334 2923 obiectiones
1372 2869 1694 2938 CRAIGIJ
1721 2869 1923 2932 diluis,
1963 2872 2031 2922 ut
2061 2867 2293 2922 mirum
2316 2866 2473 2934 sane

276 2939 478 2994 videri
489 2939 675 3007 possit,
701 2941 848 3008 quid
859 2944 1078 2994 contra
1094 2944 1222 2994 tam
1238 2940 1553 2994 evidentia
1569 2942 1675 2994 Vel
1691 2939 1932 3007 hiscere
1951 2939 2351 2995 CRAIGIUS
2366 2941 2477 2992 aut

276 3010 484 3077 quivis
499 3012 663 3065 alius
671 3011 860 3079 possit.
879 3010 1111 3078 Quodsi
1125 3012 1527 3067 CRAIGIUS
1534 3015 1765 3080 perget
1780 3011 2032 3066 veritati
2044 3010 2474 3065 contradicere

274 3082 340 3133 in
365 3084 554 3150 longe
580 3083 885 3137 maiorem
904 3083 1187 3137 incurret
1202 3082 1743 3151 reprehensionem
1766 3084 1933 3151 apud
1951 3082 2242 3137 veritatis
2262 3096 2473 3135 aman-

278 3154 389 3215 teS,
413 3168 598 3219 quam
621 3156 785 3221 quod
801 3170 921 3223 ego
940 3155 1006 3207 in
1027 3156 1210 3208 Nova
1226 3155 1424 3208 Stella
1437 3170 1666 3222 parum
1687 3170 1768 3208 ex
1786 3157 1923 3208 arte
1935 3152 2050 3220 suo
2068 3153 2297 3208 iudicio
2311 3167 2469 3220 prae-

268 3220 543 3288 stiterim.
580 3225 709 3278 Sed
730 3224 804 3291 sit
831 3226 935 3289 ita,
973 3230 1040 3279 ut
1068 3226 1175 3279 ille
1207 3226 1465 3279 iudicat:
1496 3241 1617 3295 ego
1647 3229 1817 3280 certe
1845 3225 2001 3279 illud
2021 3240 2250 3293 parum
2278 3225 2474 3278 multo

271 3293 600 3361 gloriosius
625 3296 782 3348 mihi
805 3295 918 3361 este
945 3298 1117 3360 duco,
1147 3295 1397 3364 quamsi
1411 3295 1733 3363 manifeste
1755 3296 2009 3351 veritati
2032 3310 2471 3365 repugnarem,

276 3364 527 3419 Primus
557 3382 691 3434 ego,
730 3367 877 3434 quid
903 3367 1013 3435 alij
1030 3366 1354 3434 senserint,
1389 3368 1712 3437 ignorans,
1745 3368 1943 3422 libera
1975 3383 2131 3422 Voce
2159 3371 2223 3422 et
2240 3366 2474 3489 scripto

2220 3440 2408 3505 protu
2433 3437 2470 3501 i,

2521 1101 2563 1137 10

2523 1458 2565 1493 15

2520 1814 2566 1849 20

2521 2171 2567 2206 25

2521 2527 2568 2563 30

2521 2658 2550 2702 ,ε

2522 2885 2568 2920 35

2522 3241 2568 3276 40
