2664 4030
94 1119 137 1155 10

93 1477 135 1512 15

71 1824 154 1868 20r

90 2189 137 2224 25

91 2544 138 2580 30

93 2901 139 2936 35

384 319 689 374 TYCHO
716 319 838 372 AD
866 319 1134 373 THAD.
1162 318 1655 373 HAGECIUM
1681 319 1756 372 23
1784 320 2001 373 SEPT.
2030 321 2176 374 1582
2315 320 2384 374 73

185 477 292 528 ego
319 465 591 527 quamvis
618 478 690 515 eo
715 469 979 527 tempore
1005 462 1064 515 id
1091 465 1366 524 evenerit,
1394 478 1514 527 quo
1540 465 1800 515 maxime
1824 463 1900 515 ad
1922 462 2289 516 scribendum
2309 463 2384 516 ob

183 537 566 599 negociorum
584 533 1023 586 multitudinem
1042 534 1356 599 impeditus
1376 533 1496 595 fim,
1518 540 1573 586 et
1589 550 1626 587 a
1643 533 2007 587 Serenissimo
2022 534 2175 601 Rege
2192 534 2384 588 nostro

184 604 419 670 insuper
438 621 667 665 avocer,
694 620 819 658 non
844 607 1009 671 potui
1028 611 1230 658 tamen
1249 608 1645 667 intermittere,
1673 608 1819 670 quin
1839 604 2063 670 aliquid
2082 606 2386 659 literarum

184 675 288 728 tibi
312 676 727 741 perferendum
753 675 856 741 ipli
880 676 1188 738 traderem,
1215 692 1291 729 ne
1317 679 1403 729 tui
1429 676 1643 729 oblitus
1668 676 1890 742 tibique
1917 676 2225 730 rescribere
2249 677 2387 730 data

185 762 368 812 opera
392 747 693 813 neglexisse
719 748 879 813 apud
904 754 959 799 te
987 747 1248 801 excusari
1273 749 1502 814 possem.
1531 747 1685 813 Quae
1711 750 1911 813 itaque
1937 750 2052 801 tuis
2077 747 2259 801 literis
2277 764 2385 813 pro

184 817 297 871 hac
315 818 479 871 brevi
500 818 802 871 occalione
821 822 1102 883 temporis
1122 819 1528 885 respondenda
1549 819 1750 880 habui,
1777 819 1850 871 fic
1875 819 2150 872 brevibus
2170 823 2384 885 accipe.

256 889 436 954 Quod
455 890 777 942 adventum
795 896 966 942 tuum
980 891 1056 943 ad
1069 906 1180 943 nos
1193 890 1420 956 prolixe
1436 890 1691 952 excusaS,
1712 890 1815 943 tibi
1829 906 1901 943 ea
1913 894 1977 943 in
1990 906 2053 943 re
2067 907 2191 943 non
2206 891 2385 956 pluri-

183 976 351 1012 mum
372 964 713 1022 contrarior,
734 977 928 1027 neque
950 977 1057 1027 ego
1078 962 1260 1015 aliam
1281 962 1356 1015 ob
1377 961 1613 1015 causam
1632 965 1876 1015 nomine
1897 962 2066 1028 Regis
2085 968 2140 1015 te
2161 961 2278 1015 huc
2299 965 2385 1015 in-

183 1034 380 1093 vitavi,
397 1048 579 1097 quam
593 1033 754 1097 quod
768 1049 804 1085 a
813 1032 1259 1087 WITTICHIO
1275 1033 1658 1099 intelligerem
1672 1032 1869 1086 officio
1883 1036 1946 1086 in
1956 1033 2117 1086 Aula
2131 1034 2385 1099 Impera-

184 1106 326 1155 toris
352 1103 684 1156 destitutum
710 1107 963 1170 cogitare
990 1105 1061 1157 de
1088 1105 1208 1157 alia
1234 1104 1518 1170 eligendae
1538 1107 1675 1157 vitae
1697 1111 1753 1157 et
1771 1104 2116 1157 sustinendae
2142 1105 2386 1157 familiae

184 1175 448 1227 ineunda
472 1178 718 1236 ratione,
746 1175 897 1228 adeo
923 1182 988 1228 ut
1012 1178 1134 1228 iam
1161 1191 1399 1241 quoque
1420 1192 1458 1228 a
1477 1176 1630 1241 Rege
1651 1175 1878 1228 Sueciae
1904 1183 1958 1228 te
1977 1183 2256 1228 vocatum
2283 1176 2386 1228 esse

184 1246 408 1299 dixerit.
437 1246 596 1299 Cum
614 1262 757 1299 vero
784 1263 857 1299 ex
882 1249 1134 1313 proprijs
1159 1249 1274 1299 tuis
1300 1246 1480 1299 literis
1506 1246 1845 1312 intelligam,
1873 1262 1965 1299 res
1985 1253 2118 1300 tuas
2136 1263 2262 1300 non
2282 1247 2386 1299 esse

185 1332 257 1369 eo
284 1317 433 1378 loc0,
461 1325 525 1370 ut
549 1321 802 1383 patriam
824 1324 1054 1370 mutare
1075 1318 1392 1382 alienoque
1412 1317 1679 1370 Domino
1698 1318 1911 1370 servire
1930 1318 2092 1380 veliS,
2119 1317 2386 1383 nihilque

183 1389 287 1440 tibi
306 1389 382 1441 ad
402 1389 779 1442 commodam
807 1389 1046 1441 vivendi
1073 1392 1366 1441 rationem
1395 1388 1575 1441 deesse
1603 1391 1667 1441 in
1694 1392 1901 1454 patria,
1930 1389 2034 1442 tibi
2063 1388 2388 1454 plurimum

185 1460 575 1526 congratulor,
597 1467 652 1512 et
670 1475 870 1512 meam
888 1459 1273 1521 voluntatem,
1297 1460 1457 1525 quod
1476 1460 1595 1520 tibi,
1616 1459 1658 1512 fi
1678 1475 1828 1526 opus
1848 1459 2044 1522 fuisset,
2064 1475 2189 1513 non
2209 1461 2387 1513 deesse

184 1531 492 1593 voluerim,
513 1531 738 1584 utboni
758 1531 1027 1584 consulas
1047 1547 1170 1584 oro,

256 1601 434 1666 Quod
454 1603 526 1655 de
546 1603 793 1668 Apogeo
818 1605 877 1663 G>
901 1601 1097 1655 scribis
1116 1602 1534 1655 restitutionem
1560 1602 1815 1655 nostram
1842 1603 2118 1655 accedere
2144 1605 2388 1668 propius

183 1672 690 1738 Alphonfinorum
712 1673 1055 1735 rationibuS,
1083 1689 1266 1739 quam
1287 1673 1731 1735 COPERNICI,
1759 1690 1866 1740 ego
1892 1674 2030 1727 sane
2051 1689 2123 1727 ea
2141 1676 2205 1727 in
2223 1680 2388 1739 parte

183 1744 418 1797 nullum
445 1744 630 1797 habui
659 1744 980 1810 respectum
1008 1761 1203 1810 neque
1232 1745 1641 1798 ALPHONSI
1670 1760 1865 1810 neque
1896 1740 2388 1813 COPERN1C1;n

183 1815 280 1868 sed
300 1831 374 1868 ex
392 1816 661 1881 plurimis
682 1816 975 1882 exquifitis
995 1816 1497 1869 observationibus
1514 1817 1888 1869 Geometrice
1908 1817 1984 1869 ad
2003 1819 2257 1869 invicem
2272 1816 2387 1869 col-

183 1886 315 1940 latis
335 1890 500 1941 iuxta
520 1894 792 1953 quartam
812 1894 1040 1953 partem
1064 1890 1124 1949 ἐξ
1148 1888 1375 1940 haerere
1390 1889 1705 1953 Apogeum
1725 1887 1932 1952 (quam
1950 1888 2246 1940 interdum
2266 1903 2388 1940 una

184 1964 347 2024 parte
361 1961 576 2020 minuS,
598 1959 894 2012 interdum
907 1975 1031 2012 una
1043 1959 1199 2025 plus)
1221 1962 1427 2024 reperi,
1448 1965 1512 2011 ut
1530 1962 1803 2024 quamvis
1818 1975 1891 2011 ex
1903 1962 2165 2011 minimis
2184 1959 2282 2011 hic
2301 1962 2387 2011 in-

185 2033 494 2095 quirantur
506 2033 786 2084 maxima.
803 2031 1304 2084 Eccentricitatem
1314 2046 1456 2083 vero
1469 2030 1768 2083 multoties
1782 2033 1846 2082 in
1860 2030 2086 2092 eodem,
2099 2046 2219 2095 quo
2234 2031 2387 2095 assig-

184 2104 340 2162 navi,
366 2101 639 2167 scrupulo
665 2105 873 2167 reperi,
902 2117 1122 2155 novem
1146 2104 1389 2154 minutis
1417 2101 1799 2166 Coperniana
1824 2104 2130 2154 maiorem.
2162 2102 2231 2153 Et
2255 2101 2388 2153 licet

186 2175 579 2225 eccentricitas
592 2176 856 2226 maxima
872 2189 945 2225 ex
958 2180 1122 2238 parte
1136 2171 1661 2238 prosthaphaereses
1674 2175 1876 2234 variet,
1891 2172 2210 2238 praesertim
2224 2175 2389 2225 iuxta

184 2244 410 2296 medias
431 2244 850 2310 elongationeS‚
877 2251 1078 2297 tamen
1098 2247 1250 2297 circa
1269 2245 1584 2309 Apogeum
1604 2250 1659 2296 et
1677 2244 1985 2310 Perigeum
2004 2243 2388 2296 intolerabilis

186 2314 262 2366 est
281 2315 539 2368 duarum
555 2315 651 2367 vel
669 2318 847 2368 trium
867 2318 1125 2381 partium
1144 2315 1275 2376 loci,
1297 2314 1399 2367 sub
1420 2331 1540 2380 quo
1559 2314 1745 2367 haeret
1764 2316 2093 2381 Apogeum,
2117 2330 2294 2368 error.

258 2385 436 2449 Quod
455 2385 683 2451 lapsum
699 2389 762 2439 in
780 2386 1032 2439 Cometa
1051 2389 1195 2439 anni
1214 2387 1283 2440 77
1304 2393 1359 2439 et
1379 2386 1663 2451 quosdam
1683 2386 1833 2438 alios
1850 2389 1913 2439 in
1930 2386 2169 2439 Dialexi
2191 2401 2386 2439 emen-

187 2457 435 2519 daveriS,
462 2457 709 2510 libenter
735 2458 931 2510 audio,
962 2458 1027 2510 Id
1052 2473 1195 2510 vero
1222 2458 1382 2523 quod
1408 2458 1480 2510 de
1507 2457 1930 2510 culminatione
1958 2458 2225 2511 Cometae
2252 2473 2388 2510 cum

186 2528 410 2593 Aquila
422 2531 485 2581 in
500 2528 934 2582 excusationem
947 2529 1206 2589 adduciS‚
1226 2528 1375 2581 mihi
1388 2544 1512 2581 non
1526 2528 1658 2581 satis
1671 2528 1823 2581 facit.
1846 2528 2214 2594 Impossibilia
2228 2531 2387 2581 enim

186 2616 311 2652 non
332 2606 499 2652 erant
518 2600 594 2653 ad
612 2600 987 2665 probandum
1005 2601 1287 2653 tentanda
1302 2615 1497 2665 neque
1513 2600 1947 2652 excusationem
1960 2600 2147 2652 ullam
2159 2615 2386 2652 meren-

186 2677 301 2732 tur;
334 2671 431 2723 sed
463 2671 838 2724 emendanda
868 2674 1063 2737 potius
1095 2679 1151 2724 et
1181 2672 1532 2732 revocanda,
1564 2674 1778 2736 partim
1805 2677 2041 2736 propter
2069 2673 2387 2736 imperitOS,

186 2745 401 2807 partim
434 2749 671 2808 propter
707 2743 941 2795 invidos
973 2749 1028 2795 et
1058 2742 1402 2795 malevolos,
1442 2743 1655 2795 Scribis
1685 2748 1741 2795 te
1775 2742 2069 2795 editurum
2101 2742 2388 2807 copiosius

187 2814 460 2879 scriptum
486 2814 558 2866 de
585 2815 763 2866 Nova
782 2814 962 2867 Stella
985 2820 1040 2866 et
1060 2814 1322 2867 Cometis
1347 2816 1670 2879 praeteritis,
1698 2813 1799 2866 ubi
1824 2813 2101 2879 intellig0,
2127 2820 2183 2866 te
2210 2816 2388 2866 etiam

187 2900 324 2937 mea
338 2885 615 2950 quaedam
628 2884 780 2938 velle
798 2885 1133 2951 adiungere,
1146 2900 1183 2938 a
1194 2901 1313 2950 quo
1327 2892 1544 2947 tamen,
1559 2885 1600 2937 fi
1613 2886 1942 2950 impressum
1956 2900 2080 2938 non
2095 2884 2185 2946 est,
2202 2900 2386 2950 quan-

187 2963 314 3008 tum
339 2956 415 3009 ad
440 2971 577 3009 mea
603 2959 823 3017 attinet,
853 2963 917 3009 ut
941 2956 1327 3021 supersedeaS‚
1354 2963 1409 3009 te
1436 2963 1706 3022 rogatum
1730 2955 1925 3008 velim.
1956 2956 2078 3021 Ipse
2106 2958 2266 3009 enim
2292 2956 2387 3008 de-

188 3030 360 3088 crevi,
388 3043 570 3092 quam
595 3031 854 3093 primum
879 3027 1122 3088 licuerit,
1150 3027 1428 3093 quaedam
1454 3027 1818 3080 enucleatius
1842 3027 1991 3080 etde
2011 3027 2191 3080 Nova
2210 3027 2389 3080 Stella

190 3098 314 3162 (ubi
332 3098 615 3163 pleraque
634 3099 967 3151 festinanter
982 3098 1188 3164 scripta
1201 3098 1432 3159 restitui,
1453 3099 1642 3151 multa
1658 3098 1945 3164 copiofius
1958 3102 2022 3151 in
2036 3098 2387 3151 demonstra-

188 3171 420 3221 tionum
446 3170 852 3222 certitudinem
877 3169 1120 3234 adduxi)
1148 3176 1203 3222 et
1229 3170 1300 3222 de
1325 3169 1803 3235 subsequentibus
1824 3172 2137 3235 praecipuis
2157 3170 2388 3222 duobus

94 3256 141 3291 4⁰
191 3239 470 3300 CometiS‚
491 3247 618 3292 tum
639 3244 816 3294 etiam
837 3242 908 3293 de
928 3244 1096 3293 tertio
1114 3240 1216 3293 illo
1230 3257 1355 3294 non
1368 3241 1519 3294 adeo
1534 3241 1749 3303 illustri,
1772 3245 1874 3306 qui
1887 3241 2001 3294 hoc
2015 3257 2177 3294 anno
2191 3240 2387 3293 mense

190 3311 360 3363 Maio
382 3313 444 3363 in
465 3311 868 3377 Septentrione
889 3311 991 3364 sub
1012 3312 1313 3365 Heniochi
1337 3312 1518 3365 fidere
1543 3327 1647 3378 per
1673 3313 1731 3365 10
1756 3313 1879 3365 dies
1905 3313 2075 3366 nobis
2099 3314 2387 3377 apparuit,

188 3385 251 3434 in
277 3381 470 3434 lucem
497 3385 757 3435 emittere
781 3382 1324 3449 observationesque
1346 3390 1531 3437 certas
1550 3386 1613 3436 in
1631 3384 1896 3436 medium
1915 3384 2386 3506 addugfirgtlaetbin-

336 3464 379 3499 10
507 3496 510 3497 γ
2153 3471 2173 3505 1
2213 3470 2231 3505 1
2256 3470 2276 3505 1
2317 3468 2387 3505 us
