2644 4030
175 298 481 352 TYCHO
508 298 630 351 AD
658 298 1088 352 BARTHOL.
1117 298 1646 353 SCULTETUM
1673 300 1736 353 12
1763 300 2025 354 MART.
2054 301 2201 355 1592
2273 300 2379 355 327

176 438 250 484 [Ex
271 439 513 485 apographo
534 438 578 475 in
598 439 900 486 singularibus
919 441 1335 477 historico-literati&
1355 441 1568 477 Lusaticis
1587 444 1688 486 part.
1703 442 1750 478 27
1770 441 1939 487 (Lipsiae
1956 445 1995 478 et
2014 441 2229 478 Budissini
2253 440 2376 487 1743)]

61 539 144 583 199
207 515 884 589 CLARISSIMO
931 516 1882 607 DOCTISSIMOQUE
1921 518 2187 591 VIRO
2233 519 2352 592 M.

305 618 955 673 BARTHOLoMAEo
983 620 1414 681 SCULTETo,
1442 620 1940 682 GORLICENSI,
1969 621 2247 675 RERUM

370 701 1154 755 MATHEMATICARUM
1181 703 1690 764 PERITISSIMO,
1718 703 1998 756 VETERI
2026 704 2183 758 SUO

60 803 142 909 19⁵7
691 785 962 838 AMICO
990 786 1425 910 PLURnngM
1455 786 1862 840 COLENDO.

537 950 547 955 ‘
605 939 685 991 Nl
716 940 900 992 habes
925 943 1008 992 mi
1035 940 1457 1001 SCULTETE‚
1486 956 1733 1006 operum
1759 941 2104 1002 nostrorum,
2132 942 2235 995 diu
2260 959 2297 995 a
2322 951 2378 995 te

604 1018 780 1075 atque
813 1011 945 1077 alijs
977 1012 1450 1073 defideratorum,
1483 1015 1742 1077 primum
1772 1012 2259 1076 Quaternionem,
2292 1017 2378 1066 in-

568 1120 569 1123 ,
603 1082 974 1147 scriptionem
989 1090 1244 1148 quatuor
1257 1083 1730 1148 subsequentium
1740 1091 2040 1136 tomorum
2052 1100 2378 1150 eorumque

525 1177 527 1180 ·
605 1161 880 1206 contenta
908 1154 1160 1206 breviter
1189 1153 1687 1219 complectentem.
1719 1155 1881 1207 Hinc
1910 1162 2122 1209 caetera
2150 1159 2377 1209 ratioci-

510 1260 514 1270 .-
605 1241 766 1278 nare.
793 1226 1012 1278 Addidi
1039 1226 1265 1288 MYLIJ
1290 1226 1457 1278 vestri
1482 1225 1835 1278 succindtum
1862 1227 2255 1292 Epigramma,
2282 1227 2378 1280 sed

230 1326 233 1329 -
538 1292 571 1325 θ
605 1299 668 1349 in
687 1296 976 1361 plerisque
994 1313 1030 1349 a
1046 1313 1142 1349 me
1163 1300 1559 1357 immutatum,
1582 1313 1654 1348 eo
1675 1298 1834 1361 quod
1854 1301 2016 1362 prius
2036 1298 2182 1351 illud
2202 1301 2379 1351 nimis

173 1366 556 1421 affectuosum
575 1374 751 1432 atque
772 1367 1028 1420 insolens
1043 1368 1392 1433 quibusdam
1404 1368 1591 1420 videri
1607 1369 1802 1432 posset;
1823 1384 1932 1420 nec
1945 1369 2048 1421 tali
2062 1385 2158 1421 me
2173 1370 2380 1436 dignor

95 1442 123 1485 †
172 1439 419 1491 honore.
450 1441 611 1504 Agas
639 1454 782 1491 vero
810 1439 896 1491 illi
924 1442 1139 1504 gratias
1168 1455 1275 1504 pro
1305 1439 1408 1491 suo
1439 1439 1691 1492 candido
1719 1446 1773 1491 et
1798 1440 2090 1492 benevolo
2121 1456 2258 1506 erga
2283 1457 2378 1493 me

82 1526 123 1561 1⁵
171 1526 426 1576 meaque
445 1510 631 1563 studia
650 1526 872 1562 amore.
900 1510 960 1563 Si
983 1510 1131 1562 mihi
1150 1510 1443 1575 scripserit,
1472 1526 1580 1576 ego
1606 1526 1714 1575 par
1738 1514 1867 1576 pari
1893 1511 2125 1572 referre,
2154 1519 2209 1564 et
2234 1516 2378 1565 ami-

172 1584 370 1634 citiam
385 1597 521 1634 cum
533 1581 636 1634 isto
650 1581 1008 1646 inposterum
1023 1582 1232 1642 colere,
1253 1597 1379 1634 non
1397 1581 1832 1647 tergiversabor.
1854 1583 2119 1635 Monstra
2139 1599 2377 1648 quoque

170 1653 510 1706 vestratibus
536 1653 882 1718 Bibliopolis
909 1653 1065 1705 hanc
1092 1669 1340 1718 operum
1367 1653 1695 1706 nostrorum
1721 1653 2172 1719 inscriptionem,
2202 1662 2271 1716 et,
2299 1671 2380 1707 an

172 1725 399 1789 aliquot
431 1724 794 1790 exemplaria
825 1725 970 1776 iusto
1002 1728 1190 1789 pretio
1222 1725 1485 1777 obtinere
1514 1724 1791 1791 satagant,
1825 1729 2084 1791 exquire,
2118 1727 2379 1791 quidque

171 1812 279 1860 pro
299 1796 534 1862 singulis
549 1795 896 1860 Alphabetis
917 1803 1019 1848 aut
1039 1795 1527 1861 quaternionibus
1548 1797 1988 1849 numerandum
2008 1797 2086 1858 fit,
2109 1797 2380 1850 cumillis

77 1882 124 1917 20
171 1867 435 1933 transige,
461 1867 775 1932 posteaque
801 1883 914 1928 me,
943 1875 998 1920 et
1021 1869 1093 1920 de
1113 1871 1300 1933 pretio
1322 1868 1468 1920 etde
1490 1868 1919 1933 exemplarium
1946 1884 2214 1930 numero,
2243 1885 2378 1934 quae

171 1938 390 1992 habere
417 1939 614 2000 velint,
643 1941 950 1991 certiorem
978 1939 1160 1992 effice.
1190 1940 1530 1992 Continebit
1556 1939 1857 2004 quodlibet
1882 1939 2098 1992 horum
2125 1941 2376 1992 volumi-

171 2026 335 2071 num,
349 2026 484 2075 quae
498 2017 753 2075 quatuor
764 2013 1011 2062 omnino
1025 2018 1212 2072 erunt,
1226 2013 1450 2063 circiter
1459 2010 1726 2075 sesquina
1734 2011 2085 2076 Alphabeta,
2101 2014 2164 2063 in
2176 2011 2379 2064 charta

58 2089 141 2133 198
173 2098 356 2147 quam
387 2082 645 2147 regalem
677 2089 906 2142 vocant,
940 2082 1187 2147 suntque
1219 2082 1489 2146 plurimis
1523 2081 1848 2134 Schematis
1880 2088 2057 2147 atque
2086 2078 2378 2151 Ta-ssbulis

171 2153 467 2206 hincinde
488 2152 765 2206 conferta.
787 2153 987 2205 Tuum
1007 2156 1205 2218 itaque
1227 2156 1349 2214 erit,
1373 2153 1578 2205 nostris
1599 2153 1891 2218 defiderijs
1911 2169 2139 2206 morem
2159 2170 2375 2220 gerere,

77 2242 123 2276 25
172 2227 475 2290 negotium
503 2224 617 2277 hoc
646 2224 910 2284 fideliter,
942 2241 1010 2277 ac
1040 2225 1080 2276 fi
1110 2231 1279 2277 tuum
1310 2226 1436 2277 esset
1467 2225 1650 2289 (quod
1680 2231 1735 2276 et
1762 2225 1864 2277 tibi
1896 2224 2154 2289 confido)
2187 2241 2376 2291 agere,

171 2312 387 2361 meque
412 2312 517 2361 per
541 2299 797 2361 primam
824 2296 1085 2349 oblatam
1111 2296 1476 2348 occasionem
1498 2296 1569 2348 de
1589 2296 1823 2362 lingulis
1851 2296 2375 2349 commonefacere.

171 2367 337 2429 Vale,
364 2374 420 2420 et
444 2367 964 2432 praestantissimum
990 2367 1159 2419 illum
1185 2367 1518 2420 MYLIUM
1544 2383 1680 2419 meo
1706 2370 1950 2420 nomine
1971 2367 2275 2434 diligenter
2293 2367 2376 2420 sa-

171 2439 311 2491 luta.
343 2439 587 2504 Iamque
618 2439 795 2492 ambo
824 2438 1066 2491 feliciter
1094 2442 1288 2499 vivite,
1318 2438 1511 2499 bibite,
1542 2439 1749 2491 valete.
1780 2439 2037 2504 Propino
2066 2440 2233 2492 vobis
2263 2438 2377 2491 hoc

172 2511 266 2562 die
293 2513 373 2571 Θ,
399 2526 518 2575 quo
540 2517 595 2562 et
614 2510 711 2562 hic
733 2517 788 2563 et
807 2510 967 2563 isthic
988 2510 1247 2575 alibique
1267 2517 1471 2575 potare
1492 2510 1676 2562 solent
1695 2510 1816 2562 fere
1837 2526 2045 2563 omnes
2066 2510 2215 2575 (rem
2234 2510 2375 2562 scili-

77 2598 124 2633 30
172 2588 260 2634 cet
281 2581 482 2634 Bacho
509 2581 732 2634 sacram
757 2589 1102 2647 gratamque
1127 2581 1430 2645 facientes)
1457 2597 1647 2633 unum
1673 2581 2043 2646 alterumque
2064 2581 2375 2634 cantharu-

171 2653 314 2713 lum,
348 2653 608 2705 eiusdem
637 2653 782 2705 Liaei
814 2653 1044 2718 liquore
1074 2653 1255 2717 usque
1286 2654 1362 2705 ad
1393 2653 1839 2705 exuberantiam
1870 2653 2166 2714 refertum,
2199 2653 2376 2718 idque

171 2724 380 2776 haustu
407 2727 586 2776 etiam
612 2724 885 2784 Bachic0,
916 2724 1049 2776 licet
1074 2740 1198 2776 non
1225 2723 1652 2788 Philosophico,
1683 2723 1870 2776 multo
1896 2727 2096 2776 minus
2121 2723 2376 2776 Theolo-

171 2798 315 2861 gic0,
353 2798 624 2860 quamvis
657 2795 780 2848 dies
814 2795 1156 2848 Christianis
1188 2795 1345 2847 sacer
1378 2796 1480 2846 esse
1513 2795 1767 2847 deberet:
1808 2795 1993 2848 Ebibo
2032 2802 2231 2848 autem
2268 2811 2376 2860 pro

171 2866 355 2919 vestra
377 2866 576 2927 salute,
595 2867 764 2931 quod
788 2874 842 2918 et
865 2882 1116 2932 magnus
1137 2866 1727 2927 BARTHOLINUS,
1754 2883 1914 2919 nunc
1939 2866 2087 2919 mihi
2114 2866 2376 2919 domesti-

77 2954 123 2989 35
173 2954 291 2998 cuS,
312 2940 581 3003 proxime
602 2938 859 2998 assidenS‚
882 2938 1151 2990 lubenter
1171 2937 1446 2989 satisfecit.
1471 2937 1614 2989 Non
1635 2938 1981 2990 crediderim
2001 2938 2169 2990 illum
2190 2944 2377 2990 artem

172 3008 328 3061 hanc
348 3009 507 3073 apud
527 3024 633 3061 vos
655 3009 916 3070 didicisse‚
939 3025 1074 3061 cum
1091 3012 1153 3060 in
1170 3009 1365 3060 Patria
1386 3012 1512 3060 eius
1530 3009 1843 3061 Seelandia
1863 3009 2037 3061 rudes
2057 3009 2231 3074 ipsius
2252 3025 2376 3061 non

172 3079 293 3132 fint.
315 3079 582 3132 Vestrum
603 3080 693 3139 est,
721 3079 891 3132 nobis
912 3083 1119 3145 iugiter
1140 3087 1195 3132 et
1214 3079 1530 3145 gurguliter
1548 3096 1655 3144 par
1675 3083 1803 3145 pari
1823 3080 2056 3142 referre,
2078 3083 2256 3133 etiam
2277 3081 2375 3133 ad-

172 3150 358 3203 hibita
387 3151 629 3211 Mufica,
662 3151 1167 3215 quemadmodum
1199 3166 1309 3203 nos
1342 3167 1465 3203 non
1497 3151 1615 3203 fine
1647 3152 2049 3211 buccinarum,
2081 3152 2375 3212 tibiarum,

172 3221 381 3274 fidium
402 3222 675 3287 clangore
697 3228 752 3274 et
770 3222 935 3274 suavi
955 3230 1260 3284 concentu,
1283 3222 1412 3274 haec
1431 3223 1648 3287 pocula
1664 3223 1831 3275 vobis
1845 3225 2134 3276 vovimus,
2158 3223 2376 3275 Iterum

65 3300 147 3344 199
173 3300 350 3358 atque
376 3296 589 3345 iterum
615 3296 809 3354 vivite,
835 3293 1029 3355 bibite,
1056 3293 1263 3354 valete,
1291 3293 1598 3358 literasque
1624 3293 1734 3347 has
1760 3294 1836 3346 ad
1862 3290 2375 3363 MONA-nVIUM

172 3364 581 3417 Vratislaviam
602 3364 892 3417 destinate.
916 3365 1090 3417 Datae
1112 3364 1471 3430 Uraniburgi
1492 3367 1544 3418 d.
1566 3366 1639 3417 12.
1662 3366 1862 3431 Martij
1887 3366 2068 3418 Anno
2089 3366 2232 3419 1592.

1296 3436 1536 3490 TYCHO
1564 3437 1809 3497 BRAHE,
1837 3452 2022 3489 manu
2048 3440 2302 3502 propria.

2087 3507 2156 3573 [E
2177 3509 2375 3561 codice
