2644 4030
97 886 178 929 96¹·

118 1107 161 1142 10

118 1463 160 1497 15

115 1819 161 1854 20

116 2176 162 2210 25

118 2887 164 2922 35

332 307 636 362 TYCHO
663 308 785 360 AD
813 306 1295 361 HENRICUM
1322 306 1782 362 BRUCAEUM
1807 308 1841 360 4
1868 308 2068 362 NOV.
2097 310 2242 363 1588
2316 307 2407 362 153

209 450 336 502 Nec
355 450 475 510 illa,
497 466 633 515 quae
653 450 802 503 alias
821 453 884 502 in
905 450 1040 503 Sole
1062 457 1117 502 et
1136 450 1378 515 reliquis
1396 450 1676 502 sideribus
1690 450 1764 502 ab
1778 450 1899 515 ipso
1916 458 1970 503 et
1984 451 2264 517 discipulo
2283 455 2409 505 eius

209 521 713 574 BERNHARDO
731 521 1165 574 GUALTERO
1181 521 1486 574 observata
1497 521 1679 573 literis
1691 522 2038 586 produntur,
2060 522 2210 576 recte
2230 523 2285 575 se
2305 523 2408 576 ha-

207 592 362 654 bent,
395 592 546 645 adeo
578 599 643 645 ut
673 592 907 658 fibiipfis
939 608 1063 644 non
1096 593 1473 645 consentiant.
1509 592 2010 646 COPERNICUS
2038 594 2410 647 latitudinem

208 664 628 716 Ptolemaicam
654 667 717 715 in
743 665 914 716 Luna
939 667 1266 716 maximam
1291 666 1647 716 invariatam
1671 666 1924 725 retinuit,
1951 681 2145 729 neque
2173 666 2410 730 ipsemet

210 737 530 799 quicquam
555 737 619 786 in
644 735 773 795 hac,
801 751 881 787 an
906 737 987 787 ita
1006 735 1061 787 se
1082 734 1298 787 habeat
1317 750 1425 787 nec
1446 750 1538 796 ne,
1566 735 1796 787 coelitus
1823 742 2107 788 attentare
2129 738 2409 802 aggressus

209 805 300 865 eft,
328 806 611 858 excusans
636 805 766 866 hoc,
795 807 955 870 quod
981 821 1105 857 non
1132 822 1266 858 eam
1292 806 1658 858 occasionem
1684 807 2023 871 experiendi
2049 807 2149 859 fibi
2173 808 2411 861 fortuna

209 877 518 929 contulerit
539 872 560 945 ΙΙ
581 892 762 942 quam
784 877 900 929 CL.
922 877 1400 939 PTOLEMAEO‚
1428 879 1502 930 ob
1529 881 2062 930 commutationum
2082 879 2411 932 Lunarium

209 949 631 1012 impedimenta
659 950 721 1000 in
750 948 944 1000 altiori
973 948 1094 1012 poli
1123 948 1245 1009 litu,
1276 964 1411 1013 quae
1441 952 1503 1001 in
1528 949 1894 1001 Alexandria
1923 951 2233 1003 commode
2262 967 2409 1015 prae-

209 1022 404 1071 caveri
423 1026 709 1083 poterant,
731 1026 795 1071 ut
813 1026 970 1083 patet
985 1035 1057 1071 ex
1070 1019 1360 1084 ipsiusmet
1374 1019 1801 1073 COPERNICI
1814 1021 2006 1073 verbis
2021 1037 2145 1086 cap.
2162 1023 2218 1074 15
2232 1022 2364 1074 libri
2377 1023 2410 1073 4

210 1089 684 1143 Revolutionum.
702 1091 828 1142 Nec
836 1091 1280 1143 WERNERUS
1295 1094 1600 1155 quippiam
1615 1094 1768 1143 circa
1781 1091 1936 1144 hanc
1950 1108 2076 1144 rem
2090 1096 2410 1154 attentavit,

209 1162 369 1226 quod
390 1177 462 1213 ex
482 1161 606 1213 ullo
629 1165 754 1213 eius
774 1161 980 1226 scripto
1007 1163 1243 1227 probari
1269 1163 1443 1226 possit.
1472 1162 1585 1214 Sed
1607 1169 1661 1214 et
1681 1165 1730 1214 is
1750 1163 2123 1216 Ptolemaicae
2144 1165 2409 1217 animad-

208 1232 458 1284 verfioni
478 1236 786 1298 acquievit,
807 1248 916 1285 nec
936 1233 1010 1285 ab
1030 1232 1167 1285 ullis
1187 1233 1335 1298 alijS,
1358 1233 1517 1297 quod
1534 1233 1727 1294 sciam,
1749 1237 2055 1298 quippiam
2070 1239 2208 1287 certi
2222 1235 2335 1287 hac
2348 1239 2412 1287 in

208 1310 372 1368 parte
394 1303 762 1356 elaboratum
784 1304 874 1356 est.
897 1304 1126 1356 Frustra
1145 1306 1317 1368 igitur
1337 1303 1622 1369 allegatur
1642 1304 1899 1356 aliorum
1919 1305 2246 1358 authoritas
2266 1309 2329 1358 in
2348 1310 2411 1358 re

209 1391 521 1440 nunquam
550 1375 625 1427 ab
654 1375 768 1427 illis
798 1375 1118 1440 explorata,
1149 1375 1282 1426 licet
1309 1374 1439 1427 haec
1466 1378 1644 1427 etiam
1669 1390 1774 1439 per
1799 1375 1855 1428 se
1882 1379 1945 1427 in
1971 1376 2411 1430 Mathematicis

209 1446 408 1498 locum
434 1462 558 1498 non
583 1453 894 1499 mereatur.
922 1445 1458 1499 PTOLEMAEUM
1478 1446 1652 1511 longe
1673 1448 2138 1499 commodiorem
2157 1448 2412 1501 habuisse

210 1521 707 1582 opportunitatem
726 1517 1098 1570 latitudinem
1118 1518 1306 1569 Lunae
1326 1520 1653 1570 maximam
1673 1518 2086 1582 perscrutandi,
2107 1535 2231 1571 non
2251 1523 2411 1584 equi-

209 1589 345 1640 dem
373 1604 444 1640 eo
471 1588 715 1649 inficiaS,
743 1604 878 1640 cum
900 1603 1084 1654 prope
1103 1591 1382 1641 verticem
1403 1595 1457 1640 et
1476 1589 1796 1653 parallaxis
1818 1590 2023 1654 (quam
2045 1591 2411 1643 COPERNI-

211 1659 364 1712 CUS
385 1663 911 1712 commutationem
930 1660 1125 1724 vocat)
1147 1666 1203 1712 et
1222 1662 1401 1712 etiam
1420 1659 1784 1713 refractionis
1803 1664 1946 1713 vitio
1967 1677 2091 1713 non
2116 1662 2411 1723 laborarit,

209 1731 462 1795 ideoque
494 1730 733 1796 ipsemet
761 1734 825 1783 in
854 1731 1068 1784 eisdem
1097 1732 1616 1792 AnnotationibuS‚
1650 1731 1752 1784 ubi
1784 1733 1856 1784 de
1886 1733 2073 1785 Lunae
2105 1733 2412 1785 latitudine

209 1805 473 1854 maxima
502 1818 613 1868 ago
641 1818 770 1868 pag.
800 1803 871 1854 40
899 1809 954 1855 et
982 1802 1094 1868 seq.
1128 1803 1548 1855 Ptolemaicam
1579 1803 2045 1855 observationem
2074 1805 2413 1857 nullatenus

209 1875 496 1938 improb0‚
523 1874 674 1926 adeo
695 1881 759 1926 ut
779 1889 913 1926 eam
932 1881 1071 1926 tunc
1090 1877 1371 1939 temporis
1390 1874 1446 1926 se
1466 1873 1618 1927 rec'te
1639 1874 1893 1927 habuisse
1920 1876 2190 1937 iudicem,
2218 1876 2413 1940 postea

208 1960 350 1997 vero
376 1945 558 2009 usque
585 1945 660 1997 ad
686 1945 942 1998 nostram
968 1952 1203 1998 aetatem
1226 1953 1436 2010 quarta
1458 1946 1672 2011 gradus
1692 1953 1855 2010 parte
1875 1953 2181 2006 mutatam,
2210 1963 2411 2011 quem-

210 2016 534 2068 admodum
554 2016 775 2069 Solaris
796 2020 974 2069 etiam
994 2017 1199 2069 orbitae
1219 2017 1294 2069 ab
1314 2017 1639 2081 AEquatore
1661 2018 1917 2082 digressio
1938 2020 2163 2070 interea
2182 2034 2306 2070 non
2326 2021 2411 2070 in-

209 2090 438 2140 variata
456 2087 786 2152 permanfit.
807 2088 969 2140 Nolo
990 2091 1168 2140 etiam
1185 2088 1600 2140 Parallaticum
1617 2088 1792 2154 ipfius
1808 2088 2270 2149 instrumentum,
2293 2105 2412 2154 quo

210 2162 274 2210 in
293 2158 405 2211 hac
426 2159 829 2212 observatione
849 2159 986 2211 usus
1007 2159 1097 2219 est,
1125 2162 1188 2211 in
1211 2160 1458 2211 dubium
1478 2175 1708 2219 vocare,
1729 2159 1861 2211 licet
1880 2160 1940 2212 id
1959 2159 2105 2212 forte
2127 2177 2250 2212 non
2270 2164 2413 2213 citra

211 2232 501 2282 rationem
521 2230 713 2282 facere
733 2231 963 2296 possem‚
990 2237 1054 2282 ut
1074 2230 1306 2283 duobus
1325 2230 1605 2283 fimilibus
1625 2230 2018 2283 instrumentis
2037 2235 2250 2284 maiori
2271 2248 2413 2284 cura

212 2308 267 2353 et
292 2301 608 2366 diligentia,
637 2317 819 2366 quam
844 2301 1039 2354 forsan
1059 2318 1096 2354 a
1115 2301 1576 2354 PTOLEMAEO
1602 2302 1918 2366 praestitum
1946 2303 2035 2363 est,
2066 2302 2410 2363 fabrefacti&

212 2372 414 2424 crebra
439 2387 549 2424 nos
576 2373 773 2425 docuit
800 2375 1177 2437 experientia.
1204 2372 1416 2433 Taceo,
1447 2374 1606 2437 quod
1636 2373 1980 2425 divisionem
2005 2377 2261 2438 partium
2286 2374 2411 2426 sub-

210 2443 518 2495 tilissimam
537 2459 662 2495 non
682 2443 1029 2504 adhibuerit,
1052 2451 1123 2504 et,
1145 2444 1305 2508 quod
1324 2447 1582 2496 maxime
1604 2444 1793 2505 refert,
1815 2445 2080 2496 Lunares
2097 2447 2292 2498 radios
2309 2461 2413 2510 per

211 2514 507 2567 foramina
526 2515 913 2575 transmiserit,
934 2515 1035 2567 ubi
1055 2518 1118 2567 in
1137 2515 1406 2580 pauculis
1426 2515 1708 2580 scrupulis
1725 2516 1999 2580 proclivis
2015 2516 2090 2568 est
2103 2517 2410 2569 aberratio.

212 2586 453 2638 Accedit
467 2593 522 2638 et
536 2585 666 2647 hoc,
685 2587 844 2651 quod
858 2589 921 2638 in
936 2602 1008 2638 eo
1023 2586 1261 2651 Regulae
1274 2586 1556 2651 longioris
1570 2587 1701 2638 loco
1716 2602 1898 2651 prope
1912 2588 2412 2651 perpendicularis

165 2675 186 2693 v
213 2655 561 2717 contactum,
576 2658 679 2709 ubi
698 2653 719 2726 ΙΙ
738 2657 1062 2710 observatio
1075 2661 1353 2710 verticem
1366 2658 1888 2723 proximerespicit,
1909 2661 2156 2710 minima
2173 2666 2227 2710 et
2240 2674 2411 2724 paene

212 2728 551 2780 insensibilis
571 2729 773 2794 anguli
791 2745 895 2793 per
916 2729 1201 2794 Regulam
1219 2732 1514 2781 minorem
1533 2729 1813 2780 mobilem
1836 2733 2084 2781 mutatio
2111 2730 2309 2794 plures
2330 2731 2411 2782 di-

212 2799 461 2851 visiones
486 2802 549 2851 in
576 2800 905 2866 oblongiori
930 2800 1301 2865 pertranseat,
1330 2816 1511 2865 quam
1538 2800 1685 2852 alias
1710 2803 1773 2852 in
1799 2803 2113 2852 remotiore
2139 2817 2176 2853 a
2198 2804 2411 2853 vertice

212 2871 575 2923 instrumenti
596 2871 978 2936 dispositione,
1000 2872 1506 2936 quemadmodum
1527 2874 1614 2936 ijS,
1639 2874 1741 2935 qui
1761 2871 1890 2923 haec
1910 2870 2154 2924 tractare
2174 2873 2295 2936 ipsa
2316 2888 2411 2924 ex-

212 2944 499 3006 perientia
524 2941 712 2994 edocti
738 2943 882 3003 sunt,
914 2946 975 2994 111
1003 2943 1317 3008 propatulo
1345 2943 1435 2994 est.
1466 2943 1678 3006 Neque
1704 2950 1904 2994 tamen
1930 2943 2293 2995 instrumenti
2318 2944 2413 2995 vel

213 3012 632 3065 observationis
652 3016 794 3066 vitio
814 3014 1003 3078 ipsum
1022 3029 1126 3079 per
1146 3023 1419 3078 quartam
1443 3014 1657 3078 gradus
1683 3021 1910 3078 partem
1936 3015 2215 3066 aberrasse
2240 3030 2411 3079 prop-

212 3091 373 3135 terea
401 3085 665 3145 dixerim,
695 3085 790 3137 sed
819 3088 1014 3149 potius
1042 3100 1248 3136 revera
1277 3085 1352 3136 ad
1382 3085 1574 3136 nostra
1598 3085 1779 3150 usque
1806 3092 2073 3150 tempora
2099 3085 2413 3139 adauc'tam

213 3154 369 3206 fuisse
393 3155 693 3207 Lunarem
719 3157 793 3208 ab
820 3156 1099 3220 Ecliptica
1125 3156 1539 3220 digressionem,
1567 3172 1702 3220 quae
1729 3172 1808 3208 an
1834 3159 1896 3208 in
1923 3160 2086 3208 omni
2113 3158 2189 3209 ad
2215 3157 2412 3210 Solem

119 3242 166 3277 4ο
214 3225 579 3290 dispositione
601 3242 772 3291 aeque
793 3242 1010 3292 magna
1025 3228 1127 3278 esse
1142 3228 1315 3291 possit,
1337 3227 1591 3279 necdum
1604 3235 1730 3279 tuto
1745 3227 2106 3280 affirmarim.
2129 3228 2411 3280 Reclami-

213 3304 337 3348 tant
352 3299 570 3348 etenim
583 3297 891 3349 nonnullae
910 3301 1061 3349 circa
1077 3298 1406 3362 plenilunia
1420 3298 1867 3359 observationeS‚
1890 3315 2025 3363 quae
2040 3300 2411 3351 Ptolemaicae

215 3368 573 3484 divagoationi
593 3384 776 3433 quam
795 3369 1383 3433 proximeaccedunt,
1406 3377 1468 3421 ut
1489 3370 1563 3421 ob
1585 3370 1642 3421 id
1663 3371 2128 3435 inaequalitatem
2148 3371 2412 3492 3111111ῗ111ἑιε1ἶ
