2632 4022
250 290 355 342 382
785 287 1223 339 EPISTOLAE
1250 286 1921 338 ASTRONOMICAE

248 435 310 483 in
336 430 640 482 confilium
667 430 918 482 adducit.
949 428 1500 481 MAESTHLINUS
1529 427 1759 480 nullam
1787 428 1982 493 plane,
2013 429 2173 494 quod
2199 429 2392 491 sciam,
2421 446 2452 482 e

247 502 570 554 coelestibus
593 501 876 565 assumpfit
895 501 1323 564 probationem.
1347 500 1416 551 Et
1433 499 1474 551 fi
1489 500 1549 552 id
1567 515 1639 551 ex
1656 499 1772 551 suis
1790 500 2104 552 observatis
2124 500 2345 562 fecisset,
2366 505 2452 554 ni-

246 573 369 624 hilo
390 573 522 637 plus
543 572 681 623 fidei
700 577 1039 623 mereretur.
1063 571 1217 634 Quae
1239 574 1399 622 enim
1419 571 1595 635 ipfius
1617 570 1680 635 (fi
1697 587 1846 635 quas
1864 571 2128 635 absolvit)
2149 575 2212 623 in
2232 588 2451 625 correc-

245 647 405 695 tione
425 650 622 695 motus
643 643 795 695 Solis
818 649 872 694 et
892 643 1081 694 Lunae
1102 642 1641 694 animadversiones
1663 642 1937 706 produnt,
1964 642 2287 696 frustranea
2306 644 2450 705 sunt,

245 718 330 767 uti
357 715 712 779 consignatio
734 713 1047 779 Eclipfium
1072 714 1248 778 ipfius
1273 712 1763 778 Ephemeridibus
1788 713 2051 778 praefixa,
2081 714 2293 767 coelesti
2319 715 2451 768 har·
2502 733 2524 767 ⁵

243 789 464 838 moniae
488 802 612 837 non
634 788 822 850 magis
844 801 1026 849 quam
1052 791 1245 846 antea,
1272 785 1313 836 fi
1338 785 1519 837 modo
1545 800 1670 836 non
1695 787 1895 837 minus
1922 801 2198 851 congrua,
2226 786 2452 851 liquido

242 858 528 922 patefecit.
551 857 807 908 Inhaeret
825 859 985 908 enim
1002 859 1050 908 is
1069 859 1323 908 nimium
1337 855 1585 908 fidenter
1599 856 1827 908 calculo
1841 857 2169 918 Prutenic0‚
2192 865 2247 909 et
2266 874 2451 922 quan-

243 932 389 981 titati
410 944 630 981 annuae
651 929 788 980 inde
810 928 1146 992 desumptae,
1175 943 1311 992 quae
1335 943 1719 992 nequaquam
1738 927 1918 980 talem
1937 928 2168 980 sortitur
2187 931 2450 994 inaequa-

242 1001 481 1061 litatem,
503 1006 677 1064 prout
696 1015 948 1064 magnus
967 999 1066 1051 ille
1087 999 1236 1052 alias
1251 998 1755 1052 COPERNICUS
1769 999 1978 1060 voluit;
1999 999 2095 1052 sed
2114 1003 2359 1065 propius
2376 1001 2452 1053 ad

242 1071 675 1136 Alphonfinam
696 1071 917 1123 accedit
936 1071 1428 1135 supputationem,
1455 1070 1589 1122 licet
1610 1087 1686 1122 ne
1710 1070 1867 1122 hanc
1887 1072 2128 1135 quidem
2147 1071 2281 1124 satis
2300 1071 2450 1124 scru—
2506 1090 2546 1124 10

241 1143 441 1207 pulose
457 1146 714 1208 attingat,
726 1142 909 1194 veluti
924 1142 1054 1194 haec
1069 1158 1105 1194 a
1120 1143 1291 1194 nobis
1306 1145 1785 1194 convenientiore
1800 1142 1932 1194 loco
1947 1142 2292 1195 reserantur.
2308 1143 2452 1195 Non

241 1217 414 1280 igitur
423 1221 588 1266 tanta
596 1214 1095 1267 disconvenientia
1107 1214 1255 1266 estin
1264 1213 1625 1266 Calendario
1637 1216 1935 1266 neoterico
1948 1229 1985 1266 a
1996 1214 2210 1266 coelesti
2220 1230 2449 1276 norma,

240 1293 415 1350 prout
440 1286 627 1337 voluit
654 1285 1220 1347 MAESTHLINUS,
1249 1288 1589 1350 quicunque
1615 1285 1857 1337 tandem
1883 1288 2011 1337 eius
2037 1291 2209 1338 autor
2236 1286 2449 1347 existat,

240 1358 354 1409 five
375 1357 471 1409 hic
493 1357 846 1419 CLAVIUS,
873 1356 987 1409 five
1009 1356 1398 1410 ALOYSIUS
1417 1356 1533 1417 ille,
1556 1357 1627 1409 de
1649 1372 1769 1421 quo
1789 1356 2053 1421 pontifex
2073 1360 2136 1409 in
2155 1360 2450 1422 prooemio
2500 1363 2527 1406 †

239 1429 654 1493 publicationis
688 1431 814 1481 eius
846 1431 1213 1481 mentionem
1244 1428 1396 1480 facit.
1431 1429 1590 1480 Licet
1617 1444 1760 1480 vero
1790 1428 1970 1480 huius
2001 1428 2450 1481 excellentissimi
2505 1447 2545 1481 15

241 1500 667 1561 Mathematici,
681 1500 939 1562 CLAVIJ
951 1500 1221 1552 videlicet
1233 1503 1295 1551 in
1307 1499 1572 1565 Epistolis
1583 1499 1737 1552 hisce
1749 1515 1873 1552 non
1883 1503 2274 1560 meminerim,
2290 1501 2451 1565 quod

239 1572 406 1624 nulla
429 1571 602 1624 fuerit
623 1572 738 1624 istic
760 1571 983 1623 occafio
1003 1572 1063 1624 id
1082 1572 1353 1633 faciendi,
1381 1571 1701 1636 praesertim
1722 1574 1926 1624 cumis
1948 1571 2357 1624 Astronomica
2378 1588 2450 1624 ex

239 1643 361 1708 ipso
384 1643 536 1695 coelo
557 1659 681 1695 non
700 1642 971 1703 1131513111,
999 1644 1070 1695 de
1096 1643 1310 1708 quibus
1331 1643 1721 1708 utplurimum
1741 1643 1821 1694 ibi
1842 1645 2047 1708 agitur,
2075 1649 2277 1695 tamen
2297 1646 2451 1696 circa

239 1714 422 1767 finem
435 1718 610 1779 primi
623 1715 798 1767 nostri
810 1714 984 1766 Tomi
996 1714 1582 1780 Progymnasmatum
1597 1713 2041 1776 antedictorum,
2058 1730 2195 1766 cum
2209 1731 2296 1776 ea,
2313 1731 2449 1780 quae

240 1787 311 1838 de
333 1787 510 1838 Nova
524 1786 704 1838 Stella
723 1788 786 1837 in
805 1786 1015 1838 ultima
1036 1786 1291 1838 editione
1307 1786 1893 1838 Commentariorum
1907 1785 2346 1850 Sphaericorum
2366 1794 2448 1839 at·
2499 1804 2544 1838 20

238 1860 436 1918 texuit,
458 1857 559 1909 sub
579 1857 1034 1922 disquisitionem
1051 1857 1314 1909 libertate
1329 1857 1740 1921 philosophica
1753 1873 1919 1918 voc0‚
1943 1860 2069 1909 eius
2086 1857 2449 1910 luculentam

239 1935 293 1980 et
319 1928 730 1989 honorificam,
757 1935 931 1994 prout
956 1931 1259 1994 praecipua
1286 1931 1413 1980 eius
1438 1932 1501 1980 in
1528 1928 1621 1980 his
1647 1929 1870 1980 artibus
1890 1927 2155 1981 doctrina
2173 1935 2447 1990 meretur,

237 2003 602 2052 mentionem
628 2000 797 2052 faci0.
829 2000 889 2052 Si
916 2016 1052 2064 quae
1082 2008 1369 2065 praeterea
1396 2016 1468 2052 ex
1494 2000 1669 2064 ipfius
1697 2001 1975 2052 Minerva
2003 1999 2448 2053 Mathematicae

236 2072 675 2124 lucubrationes
689 2074 752 2123 in
766 2072 960 2124 lucem
974 2072 1334 2136 prodierunt,
1350 2072 1446 2123 vel
1460 2071 1655 2124 adhuc
1670 2072 1991 2137 proditurae
2005 2071 2152 2133 sunt,
2171 2087 2448 2136 cuperem

238 2158 338 2195 eas
352 2146 499 2195 meis
513 2143 835 2207 sumptibus
850 2159 1086 2196 mecum
1103 2146 1546 2195 communicari.
1569 2144 1750 2195 Porro
1764 2143 1805 2195 fi
1819 2146 1868 2195 is
1882 2159 2119 2195 mecum
2131 2159 2236 2208 per
2249 2144 2446 2196 literas
2497 2162 2542 2195 25

238 2215 813 2278 correspondentiam
844 2215 1064 2267 habere
1098 2222 1274 2279 atque
1306 2216 1376 2267 de
1407 2215 1500 2266 his
1533 2215 1953 2267 excellentibus
1983 2215 2197 2280 studijs,
2232 2215 2447 2279 quibus

236 2289 531 2350 utrimque
562 2286 756 2347 dediti,
789 2287 1048 2338 iucunde
1078 2286 1342 2339 conferre
1372 2286 1641 2347 voluerit,
1676 2289 1782 2338 erit
1811 2286 1960 2338 mihi
1991 2286 2242 2350 idipsum
2273 2286 2446 2352 longe

235 2359 624 2422 gratissimum,
655 2358 974 2422 praesertim
1000 2358 1040 2409 fi
1067 2361 1380 2410 autoritate
1411 2365 1465 2410 et
1494 2358 1663 2410 suasu
1688 2360 1835 2410 tanti
1861 2358 2161 2422 Principis,
2191 2360 2277 2410 uti
2305 2360 2355 2409 is
2383 2361 2446 2410 in

236 2430 417 2480 literis
438 2431 646 2490 innuit,
668 2429 727 2481 id
748 2429 866 2481 fiat.
888 2430 1083 2482 Addet
1101 2433 1262 2482 enim
1278 2429 1529 2494 idipsum
1547 2431 1717 2482 nobis
1737 2429 1944 2490 calcar,
1968 2432 2192 2494 eritque
2213 2431 2445 2494 utrique

235 2500 494 2551 nostrum
513 2516 584 2552 eo
602 2500 1106 2553 honorificentiuS.
1129 2502 1282 2553 Haec
1297 2501 1337 2552 fi
1352 2499 1504 2553 dicio
1519 2501 1886 2552 Illustrissimo
1901 2502 2154 2565 Principi
2169 2516 2305 2553 cum
2318 2500 2444 2553 sub·
2494 2517 2540 2551 30

234 2573 392 2623 missa
413 2587 485 2623 ex
505 2588 601 2623 me
621 2572 971 2625 salutatione
997 2588 1102 2637 per
1126 2573 1325 2625 literas
1351 2573 1721 2632 indicaveriS,
1749 2571 1900 2625 redte
1926 2572 2132 2624 feceris
2153 2579 2207 2624 et
2226 2587 2322 2624 me
2342 2572 2445 2625 tibi

236 2658 307 2694 eo
323 2642 744 2696 devinctiorem
757 2644 1094 2696 reddideriS.
1111 2644 1276 2705 Vale,
1296 2651 1350 2696 et
1367 2644 1687 2709 prolixitati
1704 2643 1844 2695 huic
1864 2643 2109 2709 ignosce.
2131 2643 2445 2696 Dabantur

235 2714 501 2767 Haffniae
524 2716 618 2767 die
638 2716 723 2768 22.
746 2716 909 2768 Febr.
932 2716 1114 2767 Anno
1135 2716 1279 2768 1597.
1785 2751 2026 2803 TYCHO
2054 2751 2300 2811 BRAHE‚

1813 2838 2000 2875 manu
2019 2825 2274 2887 propria.
2491 2839 2537 2873 35

304 2929 706 2982 Amantissime
727 2929 1087 2983 HENRICE
1109 2930 1485 2991 RANZOVI,
1513 2929 1554 2981 fi
1581 2929 1791 2982 eadem
1814 2929 2115 2995 diligentia
2134 2929 2304 2981 nobis
2324 2929 2442 2980 Pri-

233 3000 514 3065 vilegium
530 3001 832 3053 Gallicum
847 3008 902 3053 et
915 3002 1316 3067 Anglicanum
1338 3001 1433 3065 (de
1455 3001 1669 3066 quibus
1691 3004 1868 3053 etiam
1889 3007 2065 3053 antea
2079 3001 2154 3053 ad
2168 3007 2223 3052 te
2237 3000 2441 3065 scripfi,

235 3077 290 3122 et
309 3072 425 3123 istic
446 3071 676 3125 addicta
694 3074 797 3125 esse
814 3072 952 3137 scio)
975 3089 1094 3137 qua
1109 3073 1501 3138 Hispanicum
1521 3073 1730 3124 ultimo
1750 3074 1991 3132 missum,
2013 3078 2243 3123 mature
2264 3072 2441 3136 idque

234 3148 370 3193 ante
385 3142 588 3194 festum
603 3144 980 3205 PentecosteS,
1003 3144 1043 3195 fi
1062 3145 1122 3196 id
1141 3144 1270 3196 fieri
1290 3145 1465 3208 possit,
1486 3147 1911 3209 procuraveriS‚
1933 3159 2059 3195 rem
2074 3142 2186 3195 hac
2200 3146 2263 3194 in
2276 3149 2441 3207 parte

234 3228 359 3264 non
383 3213 584 3265 saltem
610 3215 774 3276 mihi,
801 3215 897 3267 sed
918 3222 973 3267 et
994 3216 1409 3268 communibus
1434 3215 1632 3281 studijs
1658 3215 1864 3267 utilem
1889 3214 2232 3280 praestiteriS,
2262 3214 2439 3278 idque
2490 3230 2536 3264 40

234 3290 298 3335 ut
326 3283 508 3336 facias
540 3285 722 3349 (quod
752 3293 806 3338 et
834 3287 1103 3339 lubenter
1132 3285 1425 3339 facturum
1456 3286 1715 3351 confido)
1745 3302 1850 3351 per
1877 3286 2147 3352 mysteria
2175 3285 2438 3345 Uraniae,

235 3357 330 3406 cui
350 3359 626 3420 utrinque
647 3358 902 3418 litamuS,
923 3365 979 3410 te
1001 3358 1365 3411 obsecratum
1384 3358 1540 3410 volO.
2150 3426 2218 3491 [E
2312 3427 2365 3479 d·

2240 3442 2308 3478 co
2350 3442 2438 3478 ice
