2644 4030
324 303 627 357 TYCHO
654 303 777 377 AD
805 304 1287 357 HENRICUM
1314 304 1773 357 BRUCAEUM
1800 305 1833 356 4
1860 305 2061 358 NOV.
2089 306 2235 359 1588
2307 307 2388 360 151

187 461 327 499 nem
347 452 403 499 et
421 446 617 511 postea
634 446 976 511 AEquatoris
997 446 1410 511 Eclipticaeque
1431 449 1493 498 in
1515 447 1724 498 eodem
1744 446 2202 512 designationem
2220 448 2388 501 moli-

186 523 280 571 tus
300 517 391 570 est.
412 517 637 570 Verum
654 533 761 583 ego
779 520 1226 570 convenientius
1241 521 1410 570 certis
1424 517 1496 570 de
1511 517 1695 570 caufis
1709 517 1838 570 fieri
1852 519 2064 579 iudico,
2086 526 2150 571 ut
2163 519 2386 585 AEqua-

186 594 278 641 tor
291 595 347 641 et
361 588 641 653 Ecliptica
659 591 822 653 prius
842 591 906 641 in
927 588 1126 642 Globo
1146 589 1493 641 ordinentur
1513 591 1650 640 etin
1669 591 1947 642 minimas
1967 591 2284 655 particulas
2304 592 2386 644 di-

186 658 553 720 stribuantur,
579 659 776 724 postea
799 659 1121 712 secundum
1145 660 1362 712 harum
1389 662 1742 725 exigentiam
1768 660 2044 726 impolitis
2071 661 2388 715 affixarum

116 747 138 781 ⁵
186 730 330 783 locis
356 736 412 782 et
435 733 603 783 varia
627 733 856 783 ratione
882 731 1020 783 hinc
1045 731 1183 783 inde
1209 730 1620 796 comprobatiS,
1647 734 1729 784 ita
1753 738 1818 784 ut
1844 734 1908 783 in
1933 748 2123 784 unum
2150 739 2205 785 et
2229 733 2387 786 idem

186 799 470 866 punctum
498 801 775 854 recidant.
805 802 914 854 Per
939 801 1235 855 distantias
1259 810 1461 855 tamen
1485 802 1774 855 beneficio
1802 802 1966 868 Radij
1996 802 2388 857 Astronomici

185 870 382 932 factas,
409 879 583 937 prout
604 872 917 926 GEMMA
943 873 1177 925 tradidit
1203 880 1258 926 et
1283 873 1479 939 postea
1504 889 1540 926 a
1565 874 1764 926 multis
1783 880 2072 927 tentatum
2093 875 2183 935 est,
2210 891 2386 941 nego-

184 945 333 996 tium
346 943 461 996 hoc
475 959 788 1008 nunquam
799 944 999 996 dextre
1010 944 1354 997 absolvetur.
1371 945 1713 1010 Impossibile
1726 947 1885 997 enim
1898 945 1988 1006 est,
2001 961 2105 1010 per
2116 946 2386 1009 Radium,

186 1021 647 1080 quantacunque
672 1014 1037 1080 longitudine
1063 1016 1343 1081 praeditus
1369 1015 1448 1076 fit,
1476 1022 1531 1068 et
1557 1015 1956 1081 qualicunque
1976 1016 2284 1070 subtilitate
2304 1018 2386 1070 di-

73 1093 160 1138 94-
184 1085 357 1146 visus,
379 1088 557 1138 etiam
575 1085 871 1151 saepissime
890 1087 1223 1139 reiterando
1244 1087 1710 1139 observationem
1724 1082 1744 1155 ΙΙ
1760 1086 1992 1141 exactas
2013 1088 2216 1153 inipso
2236 1089 2385 1142 scru-

183 1157 327 1223 pulo
346 1155 641 1210 stellarum
660 1160 863 1210 rimari
882 1158 1366 1222 intercapedines,
1389 1164 1453 1210 ut
1473 1158 1613 1210 alibi
1631 1173 1736 1222 per
1754 1158 1886 1211 suas
1906 1159 2108 1211 causas
2129 1159 2384 1213 ostende-

183 1243 334 1282 mus,
365 1228 624 1293 Ideoque
655 1243 762 1294 ego
791 1231 1017 1294 primus
1043 1229 1348 1282 Sextantes
1377 1228 1516 1280 huic
1543 1229 1739 1281 officio
1766 1232 2032 1294 apprime
2058 1231 2304 1283 idoneos
2332 1239 2387 1284 et

184 1299 404 1364 ubique
424 1315 596 1352 veras
614 1299 909 1353 stellarum
929 1302 1287 1352 remotiones
1306 1302 1369 1351 in
1391 1300 1601 1352 eodem
1619 1303 1851 1352 minuto
1875 1307 1977 1353 aut
2003 1304 2181 1354 etiam
2206 1302 2385 1355 huius

184 1370 450 1436 aliquota
468 1377 649 1436 parte,
671 1371 1130 1436 quotiescunque
1147 1376 1442 1435 repetatur
1457 1370 1798 1431 observati0‚
1818 1372 2146 1437 praebentes
2161 1377 2385 1439 excogi-

94 1458 136 1493 1⁵
183 1445 320 1502 tavi,
342 1442 556 1507 quibus
577 1444 754 1494 etiam
774 1442 1000 1507 aliquot
1019 1444 1142 1495 iam
1161 1444 1334 1494 annis
1353 1442 1594 1507 praecisa
1612 1441 1921 1495 subtilitate
1938 1443 2233 1496 distantias
2246 1444 2385 1497 fide-

183 1529 318 1567 rum
331 1513 685 1578 inquirendo
699 1513 940 1566 feliciter
953 1512 1090 1565 usus
1102 1513 1246 1566 sum.
1269 1512 1433 1576 Quin
1448 1520 1502 1565 et
1515 1513 1720 1566 frustra
1733 1516 1797 1565 in
1812 1513 2076 1566 Globum
2090 1530 2385 1580 reponun-

182 1591 277 1638 tur
301 1584 494 1645 stellae,
521 1599 879 1649 quocunque
904 1585 1145 1637 tandem
1170 1584 1550 1637 instrumento
1577 1584 1807 1637 coelitus
1828 1585 2180 1647 deriventur,
2207 1586 2312 1639 nifi
2336 1590 2386 1639 is

183 1655 508 1709 admodum
526 1671 777 1721 magnus
797 1655 876 1717 fit,
898 1655 1138 1720 qualem
1153 1671 1259 1721 ego
1273 1655 1370 1708 sex
1383 1656 1604 1721 pedum
1618 1659 1681 1708 in
1695 1656 1982 1709 diametro
1995 1658 2262 1721 possideo,
2284 1662 2385 1723 qui

182 1727 568 1792 undiquaque
582 1726 966 1780 orichalcicus
979 1727 1054 1779 est
1065 1733 1121 1780 et
1132 1727 1474 1780 divifionem
1488 1728 1780 1792 graduum
1790 1730 1852 1779 in
1863 1727 2086 1794 singula
2098 1728 2387 1795 sexagena

87 1814 135 1851 20
181 1800 413 1852 minuta
437 1814 542 1863 per
568 1797 807 1852 ductum
826 1798 1282 1859 transversalem,
1308 1813 1474 1850 more
1499 1798 1670 1851 nobis
1696 1798 1920 1860 ufitat0,
1948 1799 2386 1853 discriminatim

183 1869 432 1930 exhibet,
453 1869 834 1934 absolutaque
853 1869 1088 1935 insuper
1107 1870 1461 1922 rotunditate
1482 1870 1762 1935 praeditus
1783 1870 1873 1922 est.
1895 1870 1963 1922 In
1983 1870 2096 1923 hoc
2114 1875 2386 1924 omnium

182 1940 499 1994 affixarum
518 1941 650 1993 loca
669 1941 1062 1994 instrumentis
1076 1944 1255 2007 varijs
1276 1956 1349 1993 ex
1368 1941 1491 2006 ipso
1507 1941 1660 1994 coelo
1675 1939 1923 1994 deducta
1937 1942 2273 2008 consignare
2287 1943 2383 1996 de-

182 2015 355 2073 crevi,
371 2027 628 2077 quorum
642 2015 820 2065 etiam
833 2028 1052 2078 magna
1066 2019 1122 2065 et
1134 2015 1435 2077 praecipua
1448 2028 1585 2076 pars
1599 2015 1720 2065 iam
1733 2018 1909 2064 antea
1919 2028 1956 2065 a
1966 2028 2062 2066 me
2073 2015 2137 2065 in
2147 2020 2384 2078 promtu

181 2083 447 2136 habetur.
470 2083 673 2148 Quare
693 2099 818 2136 non
839 2084 929 2143 est,
952 2084 1112 2148 quod
1132 2084 1377 2145 dubiteS,
1397 2099 1494 2135 me
1513 2084 1714 2149 sponte
1734 2099 1870 2136 mea
1890 2099 1977 2145 ea,
1999 2099 2135 2148 quae
2149 2085 2225 2137 ad
2238 2084 2382 2138 fixa-

87 2170 134 2206 2⁵
182 2170 316 2207 rum
328 2154 623 2207 stellarum
635 2154 940 2219 praecisam
952 2155 1371 2207 restitutionem
1383 2154 1622 2216 faciunt,
1644 2157 1808 2207 omni
1828 2154 2068 2219 possibili
2084 2155 2384 2221 diligentia

181 2225 393 2286 moliri,
414 2232 478 2278 ut
496 2225 664 2279 nulla
682 2225 1104 2286 admonitione,
1121 2226 1218 2278 vel
1231 2241 1440 2278 eorum
1454 2241 1590 2290 quae
1605 2241 1729 2291 cap.
1744 2226 1779 2277 2
1793 2241 1830 2278 a
1842 2241 1938 2279 me
1952 2234 2381 2291 proponuntur,

182 2296 683 2362 recapitulatione,
705 2312 856 2362 opus
874 2296 1070 2349 fuisset.

253 2368 544 2421 Praeterea
559 2367 931 2421 latitudinem
944 2368 1132 2421 Lunae
1146 2367 1241 2420 PT
1244 2367 1577 2421 OLEMAEI
1597 2367 1823 2433 placitis
1844 2374 2053 2432 quarta
2072 2376 2237 2434 parte
2256 2385 2381 2435 gra-

182 2439 293 2492 dus
318 2441 498 2491 unius
521 2441 812 2492 maiorem
831 2454 869 2491 a
887 2454 983 2491 me
1007 2439 1404 2500 adinventam,
1430 2437 1747 2503 suspedtam
1773 2438 1973 2500 habeS‚
2002 2455 2253 2505 eamque
2279 2457 2384 2506 per

88 2526 135 2562 ³0
183 2509 482 2575 eclipfium
501 2510 829 2563 Lunarium
853 2510 1322 2575 magnitudinem
1342 2516 1398 2562 et
1418 2510 1711 2563 calculum
1730 2510 1815 2562 illi
1835 2510 2383 2575 correspondentem

182 2584 511 2647 impugnas.
549 2582 946 2634 Autoritatem
978 2581 1212 2646 insuper
1249 2580 1897 2642 REGIOMONTANI,
1938 2581 2380 2645 COPERNICI,

180 2651 551 2707 WERNERI
580 2658 635 2704 et
664 2652 920 2705 aliorum
950 2652 1262 2718 insignium
1290 2652 1854 2705 Mathematicorum
1883 2668 2190 2714 convocaS,
2222 2655 2382 2719 quod

182 2723 268 2777 illi
286 2723 708 2776 Ptolemaicam
727 2724 915 2776 Lunae
935 2723 1306 2776 latitudinem
1325 2726 1651 2776 maximam
1670 2723 1905 2788 praecise
1924 2724 1957 2777 5
1977 2727 2235 2788 partium
2253 2741 2380 2791 per-

181 2801 360 2860 petuo
386 2797 750 2856 retinuerint,
777 2809 927 2859 quos
947 2810 1071 2847 non
1091 2794 1322 2847 dubitas
1341 2810 1560 2860 magna
1579 2794 1877 2859 diligentia
1897 2810 2031 2847 eam
2051 2795 2281 2848 coelitus
2300 2798 2382 2850 ita

87 2882 134 2917 ³⁵
181 2865 237 2919 se
251 2865 470 2921 habere
484 2865 932 2930 deprehendisse.
947 2865 1365 2918 Ptolemaicam
1379 2865 1613 2930 insuper
1625 2865 1995 2918 latitudinem
2006 2870 2172 2919 omni
2183 2882 2381 2920 carere

182 2939 325 2991 vitio
346 2936 636 2989 existimas
656 2937 730 2989 ob
750 2936 865 2989 loci
884 2936 1003 2989 suae
1025 2936 1443 2989 observationis
1463 2939 1977 3002 opportunitatem,
1998 2953 2134 3002 quae
2147 2938 2382 2992 Lunam

182 3011 348 3061 iuxta
366 3007 687 3073 Tropicum
713 3007 975 3060 aestivum
1001 3011 1064 3061 in
1089 3010 1353 3060 maxima
1371 3007 1678 3060 latitudine
1698 3007 1880 3060 borea
1900 3008 2236 3062 existentem
2254 3025 2380 3063 ver-

182 3081 279 3132 tici
308 3094 491 3144 quam
518 3081 787 3144 proxime
817 3079 1100 3139 adunivit,
1130 3079 1363 3131 semotis
1392 3079 1467 3131 ob
1496 3078 1555 3130 id
1584 3078 1980 3143 parallaxium
2009 3086 2064 3132 et
2089 3078 2380 3135 refractio-

71 3158 152 3201 95r
183 3165 328 3203 num
356 3145 378 3218 ΙΙ
403 3150 838 3214 impedimentis
864 3157 968 3203 etc.
998 3150 1091 3202 De
1118 3150 1210 3202 his
1236 3156 1300 3202 ut
1324 3156 1518 3202 tecum
1543 3150 1776 3214 plenius
1801 3165 1991 3215 agam,
2017 3154 2232 3204 veritas
2259 3152 2382 3217 ipsa

88 3237 135 3272 4ο
182 3220 446 3286 postulat.
476 3220 637 3273 Scias
666 3223 881 3285 itaque,
911 3221 1100 3273 Lunae
1128 3221 1498 3273 latitudinem
1525 3223 1852 3273 maximam
1879 3236 2005 3273 non
2032 3227 2251 3275 temere
2279 3230 2382 3277 aut

182 3291 302 3344 fine
327 3291 531 3344 crebra
556 3289 878 3356 exactaque
906 3292 1308 3345 observatione
1329 3308 1366 3344 a
1384 3307 1479 3344 me
1501 3291 1858 3344 Ptolemaica
1877 3292 1932 3345 15
1952 3292 2234 3358 scrupulis
2256 3310 2380 3348 ma-

182 3365 371 3415 iorem
400 3361 781 3416 constitutam.
813 3362 959 3416 Eam
991 3366 1150 3416 enim
1178 3366 1260 3416 ita
1288 3378 1494 3416 revera
1522 3362 1578 3415 se
1606 3362 1842 3424 habere,
1870 3363 2189 3428 praesertim
2216 3368 2382 3419 iuxta

1973 3435 2379 3499 quadraturas,
