2644 4030
251 295 356 346 292
786 291 1225 344 EPISTOLAE
1250 290 1922 344 ASTRONOMICAE

251 451 409 487 novo
432 432 870 494 extructionem,
891 433 1125 485 favente
1147 433 1453 485 conatibus
1472 432 1677 485 nostris
1692 433 2011 486 coelestium
2025 437 2296 487 omnium
2311 435 2449 501 Opi-

250 507 358 557 fice
388 512 473 557 ter
501 507 783 564 maxim0‚
813 507 1033 569 ingenti
1064 511 1118 556 et
1148 504 1390 556 audenti
1419 507 1734 556 conamine
1763 505 1993 557 molior.
2027 506 2163 558 Hoc
2193 507 2450 559 nostrum

250 577 672 628 Astronomicae
699 575 1206 641 redintegrationis
1225 574 1567 636 Theatrum,
1595 591 1778 640 quam
1803 579 2061 640 primum
2087 577 2266 629 solide
2291 584 2345 630 et
2367 584 2449 630 to-

250 648 439 700 taliter
460 644 788 698 extrudtum
809 646 1260 711 absolutumque
1280 646 1470 707 fuerit,
1493 653 1548 699 et
1567 646 1804 712 publica
1817 647 1947 699 luce
1961 646 2200 712 spec'tari
2213 648 2449 701 sustinu-

251 722 371 778 erit,
392 726 447 770 te
469 721 595 770 eius
616 733 854 782 quoque
875 718 1119 770 reddam
1138 720 1498 782 participem.
1520 717 1672 771 Illud
1692 721 1911 780 omnia,
1933 721 2054 770 imo
2070 722 2247 772 etiam
2261 720 2448 785 plura,
2499 738 2521 773 5

250 805 432 855 quam
446 805 605 841 nunc
620 791 772 841 circa
786 789 1165 841 Planetarum
1181 791 1516 855 gyrationes
1533 789 2034 855 dimensionesque
2054 791 2451 844 enucleandas

250 861 553 922 defideraS‚
575 860 801 912 affatim
820 860 1221 925 suppeditabit.
1250 858 1507 925 Expecto
1528 859 1722 913 adhuc
1743 861 2065 913 nonnullas
2084 861 2450 926 superiorum

249 932 625 985 Planetarum
652 931 1016 997 acronychas
1046 931 1442 997 dispositiones
1471 931 1715 996 desuper
1743 932 1977 997 plenius
2007 934 2450 995 examinandaS‚

249 1011 312 1056 ut
331 1019 434 1068 per
454 1010 642 1055 totum
663 1003 940 1055 hincinde
957 1004 1361 1055 Eccentricum
1377 1003 1558 1067 (lubet
1580 1006 1740 1055 enim
1759 1019 1920 1056 nunc
1934 1004 2250 1069 vulgariter
2268 1004 2449 1070 loqui,

250 1091 385 1127 cum
410 1078 473 1126 in
499 1074 702 1126 nostris
728 1074 1143 1140 hypothesibus
1168 1074 1352 1126 ferme
1376 1077 1580 1127 omnia
1599 1074 1705 1126 fint
1726 1075 2116 1139 concentrica)
2143 1076 2449 1141 inaequali-
2505 1094 2546 1129 10

248 1154 393 1199 tates
415 1152 591 1211 atque
613 1148 988 1210 apparentias
1009 1145 1311 1198 difformes
1331 1148 1586 1211 penitius
1605 1146 1836 1207 scruter,
1863 1153 2039 1211 atque
2066 1148 2451 1212 undiquaque

250 1218 725 1283 circumspiciam,
741 1217 966 1282 illisque
982 1220 1401 1269 convenienter
1413 1217 1784 1282 prospiciam:
1801 1218 1978 1283 idque
1993 1219 2342 1283 potissimum
2355 1221 2418 1270 in
2429 1215 2451 1287 ΙΙ

250 1289 371 1354 ipso
399 1290 469 1341 de
497 1305 615 1353 quo
641 1289 901 1353 loqueris
939 1293 1012 1348 ὅ.
1045 1289 1303 1354 Ideoque
1329 1289 1800 1355 praecognoscere
1828 1305 1978 1341 aveo
2004 1289 2199 1349 huius,
2227 1306 2362 1354 quae
2389 1293 2451 1342 in
2483 1300 2569 1344 8ον

250 1362 422 1412 Iunio
448 1363 715 1426 proxime
741 1360 1001 1413 instantis
1027 1363 1172 1412 anni
1196 1360 1395 1413 futura
1421 1360 1511 1420 est,
1540 1363 1693 1413 circa
1723 1363 1782 1422 Θ
1813 1361 2157 1426 oppositum,
2186 1360 2451 1414 exactam

250 1432 732 1493 constitutionem,
762 1432 1003 1497 quando
1030 1435 1184 1484 circa
1203 1432 1530 1497 Perigaeum
1555 1431 1741 1484 solare
1769 1432 1952 1497 (quod
1979 1448 2103 1484 non
2127 1448 2340 1497 parum
2363 1436 2448 1484 in·
2503 1451 2545 1486 15

248 1504 412 1555 terest
427 1503 781 1568 dignoscere)
802 1519 1028 1567 pernox
1043 1503 1337 1555 reddetur:
1353 1510 1480 1555 tum
1495 1506 1673 1556 etiam
1687 1504 1928 1556 biennio
1942 1504 2079 1568 post,
2095 1504 2197 1556 ubi
2209 1506 2272 1556 in
2285 1504 2450 1557 Pisci-

249 1576 358 1627 bus
390 1578 554 1627 iuxta
585 1575 811 1627 medias
843 1574 1026 1627 ferme
1057 1574 1209 1627 Solis
1242 1574 1646 1640 elongationes
1679 1575 1871 1627 eidem
1903 1575 2290 1639 contraposita
2321 1575 2452 1628 loca

249 1653 501 1712 peraget,
524 1652 746 1711 quanto
769 1649 946 1698 etiam
967 1652 1090 1698 tam
1110 1648 1338 1698 ratione
1354 1646 1689 1707 Eccentrici,
1711 1662 1893 1711 quam
1907 1646 2163 1713 Epicycli
2185 1647 2269 1711 (ut
2286 1663 2451 1699 more

250 1718 455 1770 ufitato
481 1717 610 1769 haec
638 1717 852 1781 dicam)
879 1720 1046 1770 terris
1071 1717 1396 1783 plurimum
1422 1720 1907 1783 appropinquans
1935 1717 2101 1770 solito
2131 1721 2323 1770 maior
2351 1734 2450 1783 ap-

250 1790 489 1854 parebit,
515 1796 691 1853 atque
712 1805 818 1854 pro
839 1805 998 1841 novo
1020 1789 1283 1854 quodam
1302 1789 1507 1841 iubare
1527 1789 1601 1842 ab
1621 1792 1906 1854 imperitis
1925 1790 2304 1854 reputabitur.
2333 1791 2451 1843 Ubi
2500 1809 2546 1843 20

251 1876 488 1925 quoque
503 1864 653 1912 inter
667 1860 960 1912 calculum
972 1860 1409 1925 Alphonfinum
1420 1867 1475 1912 et
1488 1860 1943 1924 Copernicaeum
1956 1860 2279 1913 admodum
2293 1877 2450 1927 mag-

249 1948 329 1985 na
350 1938 405 1984 et
426 1932 702 1983 consueta
721 1931 894 1997 longe
917 1931 1242 1983 evidentior
1261 1932 1476 1984 incidet
1496 1931 1844 1992 differentia,
1866 1938 2066 1997 utpote
2081 1948 2217 1997 quae
2234 1948 2451 1984 novem

249 2004 463 2068 gradus
493 2003 932 2067 aliquantulum
962 2003 1219 2063 excedat,
1251 2002 1373 2068 ipso
1404 2003 1557 2055 coelo
1589 2003 1788 2055 locum
1817 2003 2044 2068 aliquot
2072 2003 2346 2069 gradibus
2377 2005 2450 2057 ab

250 2081 499 2139 utraque
519 2074 930 2139 supputatione
951 2074 1242 2127 diversum
1258 2081 1398 2126 tunc
1415 2074 1724 2127 ostensuro.
1747 2075 1879 2128 Has
1892 2077 2140 2140 inquam
2153 2078 2216 2127 in
2230 2076 2452 2128 Martia

249 2146 408 2199 stella
433 2146 987 2207 animadverfioneS,
1014 2146 1339 2212 plurimum
1365 2146 1440 2199 ad
1466 2148 1761 2198 tramitem
1781 2149 1908 2199 eius
1928 2146 2204 2212 sagaciter
2225 2147 2449 2199 investi-
2500 2165 2546 2200 25

249 2219 508 2284 gandum
529 2218 940 2278 conducenteS,
967 2218 1163 2270 adhuc
1189 2217 1466 2270 defidero,
1495 2218 1654 2270 Licet
1674 2221 1834 2270 enim
1853 2234 1978 2271 non
1997 2234 2218 2283 paucas
2240 2218 2449 2271 eiusce-

249 2290 412 2341 modi
432 2290 796 2355 acronychas
816 2289 995 2342 huius
1011 2289 1227 2355 syderis
1243 2289 1638 2354 dispositiones
1652 2288 1936 2342 haetenus
1950 2292 2158 2355 iugiter
2169 2289 2452 2342 scrutatus

250 2361 368 2422 fim,
396 2363 519 2412 una
539 2377 675 2413 cum
696 2363 920 2413 caeteris
939 2364 1003 2413 in
1021 2363 1206 2422 vario,
1234 2361 1432 2425 quoad
1453 2360 1668 2422 Solem,
1690 2361 1796 2413 fitu
1815 2361 1975 2423 lociS,
1998 2377 2070 2413 ex
2091 2360 2304 2426 quibus
2325 2364 2451 2414 eius

250 2438 633 2497 apparentem
659 2439 888 2485 motum
915 2432 1308 2485 demonstrare
1335 2438 1511 2497 atque
1531 2435 1594 2484 in
1613 2448 1895 2485 numeros
1921 2432 2209 2485 resolvere
2232 2449 2356 2485 non
2377 2433 2451 2485 est

250 2504 501 2564 difficile,
524 2511 785 2557 attamen
803 2510 858 2556 et
874 2503 983 2556 has
999 2504 1170 2556 binas
1184 2504 1571 2568 superaddere
1587 2510 1817 2569 exopt0,
1839 2511 1903 2556 ut
1922 2520 2026 2569 per
2039 2511 2228 2557 totum
2242 2505 2452 2557 Zodia-
2502 2522 2549 2558 30

251 2591 386 2627 cum
402 2578 527 2628 eius
542 2576 739 2628 versus
754 2575 953 2628 Solem
974 2575 1311 2642 acronycha
1329 2576 1558 2627 incessio
1578 2575 1964 2628 multifariam
1985 2583 2040 2628 et
2058 2575 2337 2628 subtiliter
2358 2591 2452 2628 ex-

250 2647 510 2712 ploretur
530 2654 706 2712 atque
728 2650 1127 2700 concinnetur.
1156 2647 1657 2699 Eccentricitatem
1678 2650 1805 2699 eius
1824 2650 2057 2708 mutari,
2080 2654 2134 2699 et
2153 2663 2278 2700 non
2299 2647 2373 2700 ob
2393 2648 2452 2700 id

251 2718 526 2770 omnibus
558 2718 783 2771 saeculis
816 2721 1225 2784 aequationum
1255 2717 1516 2770 Tabulas
1551 2717 1690 2771 huic
1719 2718 2118 2784 superiunctas
2150 2725 2284 2783 apte
2317 2735 2451 2771 con-

250 2806 472 2855 gruere,
501 2790 605 2842 abs
631 2806 693 2842 re
721 2790 960 2855 quidem
987 2807 1023 2843 a
1048 2797 1104 2842 te
1132 2791 1402 2842 asseritur.
1426 2789 1651 2842 Verum
1675 2789 1735 2842 id
1760 2790 1824 2842 fit
1849 2806 1954 2854 per
1979 2791 2249 2843 accidens
2275 2797 2452 2855 atque

251 2861 489 2913 aliunde
512 2864 722 2922 evenit,
751 2862 1257 2926 quemadmodum
1278 2867 1332 2913 et
1351 2864 1415 2913 in
1435 2864 1660 2914 caeteris
1680 2861 1953 2922 Planetis,
1982 2861 2115 2914 licet
2135 2864 2197 2913 in
2216 2861 2308 2913 his
2329 2877 2452 2914 non
2501 2880 2547 2915 35

250 2939 553 2997 tantopere
581 2939 757 2998 atque
784 2936 846 2985 in
886 2938 933 2993 d*
971 2936 1140 2986 certis
1166 2932 1449 2985 decausis
1477 2932 1772 2985 sentiatur.
1804 2933 1865 2986 Si
1893 2935 2065 2998 igitur
2093 2933 2452 2985 universales

252 3004 461 3056 debent
488 3006 590 3056 esse
618 3021 892 3066 canoneS‚
924 3005 1083 3070 quod
1111 3007 1322 3057 merito
1353 3006 1531 3056 etiam
1559 3007 1890 3069 requiritur,
1922 3012 1977 3057 et
2004 3004 2183 3056 huius
2213 3020 2452 3069 quoque

251 3078 594 3127 mutationis
614 3079 764 3128 ratio
784 3092 909 3128 non
928 3076 1277 3142 negligenda
1295 3077 1471 3127 venit.
1495 3075 1779 3140 Optarem
1800 3091 1982 3140 quam
2001 3078 2261 3127 maxime
2275 3075 2450 3128 PTO·

252 3146 526 3198 LEMAEI
547 3154 723 3211 atque
746 3148 1172 3201 COPERNICI
1199 3150 1352 3199 circa
1378 3149 1505 3198 eius
1529 3147 2044 3208 Eccentricitatem,
2072 3147 2341 3211 adeoque
2367 3149 2450 3212 ip-

251 3217 378 3268 sum
403 3218 735 3283 Apogaeum
761 3219 992 3283 prolata
1017 3222 1123 3271 rite
1154 3218 1429 3279 constare,
1460 3224 1515 3269 et
1543 3217 1717 3271 firmo
1746 3218 2015 3283 adeoque
2042 3218 2254 3271 coelesti
2279 3220 2450 3270 inniti
2499 3236 2545 3270 40

252 3287 654 3340 fundamento
690 3290 802 3341 Sed
834 3293 993 3342 enim
1021 3293 1084 3342 in
1113 3298 1364 3355 utroque
1397 3289 1615 3341 horum
1647 3290 1871 3355 aliquid
1898 3290 2032 3342 satis
2063 3289 2450 3354 perceptibilis

252 3359 433 3411 latere
455 3363 683 3420 erroriS‚
705 3360 867 3413 haud
889 3364 1031 3413 citra
1051 3377 1176 3413 rem
1195 3361 1462 3426 suspicor,
1483 3361 1801 3425 praesertim
1814 3364 1878 3413 in
1893 3361 2282 3426 Copernicaea
2300 3361 2448 3413 deci-

2272 3431 2446 3492 lione,
