2690 4088
300 835 697 890 PRAEFATIO
730 836 1171 891 SOCIETATIS
1203 837 1544 890 LINGUAE
1576 836 1676 890 ET
1708 837 2228 893 LITTERARUM

1002 921 1526 974 DANICARUM.

439 1035 479 1078 T
492 1035 545 1079 in
558 1036 874 1091 praefatione
887 1040 1038 1082 tomo
1056 1037 1231 1092 primo
1248 1038 1531 1094 praemissa
1549 1037 1847 1090 docuimus,
1867 1038 2230 1083 munificentia

464 1107 563 1150 viri
589 1108 1016 1152 excellentissimi
1042 1109 1102 1153 G.
1124 1110 1184 1154 Α.
1209 1110 1627 1154 HAGEMANNI
1654 1109 1860 1154 factum
1886 1114 1980 1164 est,
2011 1114 2069 1154 ut
2097 1123 2231 1167 prae-

297 1181 380 1222 ter
409 1179 810 1224 observationes
838 1181 1122 1235 Tychonis,
1157 1194 1278 1236 quae
1310 1182 1610 1237 sumptibus
1640 1182 1971 1226 INSTITUTI
2003 1183 2230 1226 CARLS·

300 1250 557 1294 BERGICI
572 1252 815 1304 eduntur,
832 1255 1012 1296 cetera
1027 1264 1239 1308 quoque
1255 1265 1419 1308 opera
1433 1254 1546 1309 ejus
1561 1253 1743 1297 omnia
1757 1254 1915 1298 edere
1929 1265 2226 1309 possemus.

299 1322 389 1366 Ille
409 1322 552 1366 enim
573 1335 620 1366 a.
641 1323 748 1366 1911
773 1326 950 1368 tantas
971 1335 1100 1379 opes
1120 1325 1274 1368 nobis
1294 1325 1666 1380 suppeditavit,
1688 1328 1746 1368 ut
1766 1326 1948 1370 omnia
1961 1326 2229 1381 Tychonis

297 1394 496 1449 scripta
517 1395 882 1439 astronomica
902 1399 954 1439 et
974 1396 1225 1451 epistulas
1244 1396 1441 1451 (tomos
1462 1397 1636 1455 1—1x)
1656 1408 1720 1440 ac
1741 1400 2005 1452 praeterea
2028 1398 2229 1441 litteras

299 1469 526 1520 actaque
551 1466 766 1521 publica
794 1468 863 1511 ad
886 1467 1198 1522 Tychonem
1225 1471 1385 1523 atque
1411 1480 1496 1512 res
1523 1469 1634 1525 eJ'us
1661 1469 1975 1524 pertinentia
2000 1470 2227 1522 (tomum

297 1537 434 1595 XIV)
459 1538 756 1593 sumptibus
782 1539 918 1582 illius
943 1539 1153 1594 publice
1175 1540 1260 1583 edi
1278 1551 1436 1595 posse
1456 1540 1838 1584 confidendum
1859 1544 2011 1585 esset.
2040 1542 2227 1585 Postea

297 1620 426 1653 vero
457 1621 620 1664 quam
648 1610 692 1654 is
722 1605 796 1654 de'
817 1610 926 1654 vita
955 1611 1183 1655 decessit
1209 1611 1276 1667 (a.
1313 1611 1460 1669 1916),
1490 1612 1660 1667 pretia
1689 1623 1871 1656 rerum
1901 1614 2037 1657 adeo
2068 1616 2227 1657 aucta

296 1684 433 1733 sunt,
455 1685 513 1724 ut
534 1682 722 1736 opibus
740 1682 808 1725 ab
828 1682 1270 1727 HAGEMANNO
1292 1683 1638 1739 suppeditatis
1659 1683 1818 1728 editio
1840 1685 1909 1728 ad
1928 1685 2092 1728 finem
2115 1697 2228 1740 per-

297 1753 420 1796 duci
440 1764 548 1797 non
567 1765 724 1808 posse
745 1758 1041 1809 appareret.
1068 1755 1252 1809 Itaque
1274 1768 1320 1798 a.
1348 1755 1461 1798 1922
1480 1767 1722 1800 summos
1743 1756 1903 1809 viros,
1926 1757 2014 1812 qui
2035 1757 2228 1800 INSTI-

295 1824 475 1868 TUTO
497 1825 1139 1870 RASK-OERSTEDIANO
1160 1830 1413 1882 praesunt,
1443 1827 1671 1871 adiimus
1692 1831 1852 1882 atque
1873 1829 1940 1873 ab
1964 1828 2025 1872 ils
2047 1829 2227 1884 petivi-

296 1908 432 1949 mus,
465 1900 524 1940 ut
556 1898 625 1940 ad
658 1909 882 1952 operam
914 1902 1155 1941 nostram
1187 1898 1607 1942 continuandam
1640 1903 1800 1955 atque
1833 1900 2226 1945 conficiendam

297 1980 456 2023 opem
477 1969 631 2013 nobis
651 1969 864 2014 ferrent.
888 1969 1090 2022 Quibus
1111 1981 1236 2014 cum
1254 1973 1401 2014 certo
1422 1982 1740 2026 persuasum
1760 1976 1914 2025 esset,
1936 1973 2226 2028 plurimum

295 2040 563 2093 interesse,
585 2043 644 2084 ut
663 2042 906 2085 omnium
918 2042 1186 2096 Tychonis
1201 2054 1425 2097 operum
1443 2042 1602 2087 editio
1622 2044 1872 2098 prodiret,
1896 2056 2052 2088 aures
2071 2044 2225 2089 nobis

296 2111 518 2167 benigne
538 2113 897 2167 praebuerunt,
927 2126 1032 2168 quo
1060 2113 1264 2158 factum
1284 2117 1379 2167 est,
1406 2118 1465 2158 ut
1489 2115 1778 2159 editionem
1799 2117 1981 2168 talem,
2010 2117 2225 2171 qualem

297 2183 364 2227 ab
379 2183 526 2227 initio
541 2184 694 2228 nobis
707 2185 1100 2240 proposuimus,
1118 2186 1187 2228 ad
1200 2186 1364 2229 finem
1378 2187 1671 2241 perducere
1686 2187 1840 2231 nobis
1854 2188 2025 2232 liceat.
2049 2188 2224 2240 Quam

297 2255 366 2298 ob
396 2255 818 2300 munificentiam
848 2257 1179 2301 INSTITUTI
1210 2258 1828 2302 RASK-OERSTEDIANI
1860 2259 2128 2314 praefectis
2158 2271 2224 2303 ex

297 2327 477 2371 animo
499 2327 694 2383 gratias
715 2327 935 2384 agimus.

511 2465 737 2502 HAUNIAE,
759 2466 934 2497 MENSE
955 2466 1083 2497 MA10
1104 2467 1230 2497 ANNI
1253 2467 1502 2499 MCMXXIV.
