2644 4030
260 310 353 362 214
792 305 1231 360 EPISTOLAE
1256 304 1927 360 ASTRONOMICAE

259 454 322 504 in
341 449 679 503 vernalibus
699 448 982 501 nundinis
1001 448 1173 501 avide
1195 446 1516 513 expectaris
1536 454 1592 500 et
1611 451 1938 501 etiamnum
1951 451 2015 500 in
2028 451 2296 513 proxime
2309 465 2456 515 prae-

258 525 439 574 teritis
459 520 919 573 autumnalibus
940 520 1054 573 Sed
1074 534 1338 571 remotas
1359 534 1431 571 ex
1450 522 1600 571 meis
1618 519 1695 572 ad
1714 526 1769 571 te
1784 519 1993 572 ultimo
2007 520 2157 572 datis
2170 520 2372 585 aliqua
2385 536 2458 573 ex

258 599 422 658 parte
442 591 789 651 intellexisti;
809 590 1148 656 principalis
1169 591 1357 643 caussa
1374 590 1499 652 fuit,
1521 590 1680 655 quod
1697 606 1923 656 papyro
1937 592 2292 655 impressoria
2303 590 2457 644 suffi-

260 666 433 716 cienti
446 662 742 715 destitutus
755 661 986 723 fuerim,
1004 676 1114 714 nec
1128 676 1216 722 ea,
1232 677 1415 726 quam
1429 677 1461 714 e
1475 664 1810 727 propinquo
1825 661 2228 727 Megapolenfi
2242 663 2459 716 ducatu

257 736 658 800 procuratam,
678 733 810 785 satis
829 739 1061 785 mature
1079 739 1134 785 et
1151 732 1381 798 copiose
1398 733 1579 786 allata
1595 732 1674 793 fit,
1694 740 1821 786 tum
1837 735 2014 785 etiam
2029 733 2188 798 quod
2203 733 2305 786 illa
2319 733 2456 799 ipsa,

259 821 395 871 quae
414 805 552 857 inde
571 804 719 856 mihi
739 807 993 870 contigit,
1019 806 1218 856 minus
1242 804 1508 863 candida,
1536 819 1645 856 nec
1670 804 1804 857 satis
1830 804 2066 869 elegans
2091 804 2280 864 fuerit,
2307 805 2458 857 adeo

259 884 322 929 ut
343 892 478 941 quae
499 879 562 928 in
582 891 654 928 ea
675 878 970 941 praeterita
995 874 1208 941 hyeme
1235 878 1494 940 imprimi
1520 882 1713 940 coepta
1739 881 1922 936 erant,
1949 891 2108 928 nunc
2134 875 2378 928 meliore
2405 882 2460 928 et

257 951 495 1013 puriore
516 954 771 1012 accepta,
793 947 1071 999 recudere
1093 946 1409 999 consultius
1426 947 1660 1007 ducam,
1681 953 1811 999 utut
1826 946 2095 1011 expensae
2110 946 2328 1011 aliquae
2342 946 2458 999 fru-

258 1020 500 1071 straneae
520 1018 667 1071 forte
687 1017 902 1071 futurae
922 1018 1045 1070 fint.
1065 1018 1220 1070 Volo
1241 1020 1402 1070 enim
1420 1033 1557 1070 mea
1575 1018 1723 1071 tersa
1743 1024 1799 1070 et
1817 1017 2082 1083 pulchra,
2110 1018 2309 1083 quoad
2333 1021 2460 1071 eius

258 1090 387 1143 fieri
412 1089 606 1155 potest,
634 1093 696 1142 in
722 1088 1029 1143 doctorum
1053 1105 1269 1142 manus
1294 1089 1545 1154 prodire.
1576 1089 1671 1141 Ne
1697 1096 1898 1142 autem
1922 1092 1986 1141 in
2011 1104 2237 1155 papyro
2258 1104 2290 1141 e
2312 1089 2458 1142 Ger·

258 1163 461 1214 mania
475 1161 880 1226 conquirenda
891 1167 976 1214 tot
988 1160 1234 1213 ulterius
1248 1160 1512 1226 implicer
1526 1159 1964 1213 difficultatibus
1978 1167 2154 1225 atque
2169 1160 2460 1212 dilationi-

258 1233 385 1294 buS,
416 1235 618 1285 curavi
645 1232 885 1298 ipsemet
913 1232 1026 1285 hac
1052 1232 1244 1284 aestate
1272 1231 1685 1285 molendinum
1708 1247 1817 1297 pro
1842 1247 2068 1298 papyro
2094 1230 2462 1284 conficienda

259 1307 322 1357 in
341 1304 455 1357 hac
474 1303 664 1356 insula
684 1306 889 1364 extrui,
914 1301 1205 1356 adiundtis
1226 1306 1404 1355 etiam
1425 1318 1560 1368 quae
1580 1303 1657 1355 ad
1677 1303 1885 1357 farinae
1905 1303 2248 1355 molituram
2269 1309 2324 1355 et
2341 1302 2460 1368 pel-

259 1376 407 1428 lium
431 1378 929 1441 praeparationem
954 1375 1192 1436 faciunt,
1219 1377 1300 1427 ita
1327 1381 1391 1427 ut
1415 1390 1539 1427 una
1564 1381 1709 1435 rota,
1737 1389 1873 1440 quae
1900 1373 2213 1426 duodecim
2239 1376 2462 1427 circiter

259 1447 434 1500 ulnas
453 1450 516 1499 in
536 1447 842 1499 altitudine
863 1446 1154 1511 adaequat,
1176 1446 1453 1499 omnibus
1473 1446 1567 1498 his
1587 1448 1780 1511 operis
1799 1444 2117 1506 satisfaciat,
2141 1445 2264 1510 ipsa
2283 1447 2461 1497 etiam

260 1534 419 1583 aqua
438 1521 502 1570 in
520 1517 828 1571 sufficienti
847 1520 1034 1582 copia,
1055 1517 1157 1570 ubi
1176 1520 1339 1583 prius
1358 1518 1570 1570 ficcum
1591 1524 1731 1578 erat,
1754 1518 1859 1582 per
1877 1519 2075 1569 varios
2093 1523 2324 1569 meatus
2344 1515 2462 1568 huc

261 1590 524 1643 derivata
544 1596 598 1642 et
616 1605 835 1655 magna
855 1592 1175 1654 capacitate
1195 1595 1331 1642 ante
1352 1604 1622 1655 aggerem
1642 1589 1967 1642 admodum
1987 1588 2175 1641 altum
2198 1595 2253 1641 et
2275 1587 2462 1640 latum

261 1658 519 1721 collecta,
545 1661 777 1726 piscinis
798 1663 974 1713 etiam
996 1675 1178 1725 quam
1198 1659 1467 1725 plurimis
1486 1663 1550 1712 in
1570 1660 1826 1712 eundem
1847 1675 2086 1725 quoque
2106 1659 2276 1711 usum
2298 1658 2461 1712 hinc-

260 1733 398 1785 inde
427 1731 720 1797 dispositis,
752 1731 906 1796 Quae
936 1734 1140 1784 omnia
1167 1735 1289 1785 iam
1317 1731 1581 1785 absoluta
1608 1731 1754 1792 sunt,
1783 1731 1986 1784 labore
2016 1737 2071 1783 et
2100 1733 2462 1783 executionis

261 1803 560 1869 diligentia
586 1810 762 1868 atque
789 1803 1111 1868 sumptibus
1136 1819 1260 1855 non
1285 1802 1679 1856 mediocribus
1699 1809 2056 1868 comparata,
2083 1808 2148 1854 ut
2167 1802 2242 1854 ob
2263 1802 2322 1855 id
2341 1801 2461 1868 spe-

260 1890 403 1935 rem,
422 1890 519 1927 me
538 1877 601 1927 in
621 1874 913 1940 posterum
931 1890 1225 1940 papyrum
1242 1873 1498 1927 officinae
1514 1889 1666 1927 meae
1680 1873 2146 1940 Typographicae
2165 1873 2462 1934 idoneam,

261 1945 660 2010 qualicunque
674 1941 696 2015 ΙΙ
709 1944 902 1998 forma
919 1948 1259 2010 cupiverim,
1280 1945 1630 1998 sufficienter
1649 1945 2007 2005 habiturum,
2028 1959 2104 1996 ne
2125 1944 2380 1997 aliorum
2399 1947 2463 1996 in

261 2033 333 2070 ea
351 2017 635 2070 mittenda
655 2016 1094 2082 procrastinatio
1114 2016 1370 2082 amplius
1389 2016 1690 2069 laboribus
1708 2019 1857 2069 meis
1873 2018 1937 2069 in
1953 2016 2147 2068 lucem
2166 2016 2463 2068 mittendis

261 2088 554 2141 obstaculo
568 2088 647 2141 fit.
662 2087 816 2140 Volo
831 2091 1008 2149 enim,
1023 2094 1087 2140 ut
1100 2094 1222 2140 tota
1234 2088 1365 2140 haec
1378 2088 1584 2149 insula,
1606 2087 2132 2152 quantulacunque
2145 2086 2225 2148 fit,
2241 2093 2297 2139 et
2309 2093 2464 2139 terra

262 2166 317 2213 et
336 2175 496 2224 aqua
515 2159 786 2225 adeoque
807 2162 985 2212 etiam
1004 2159 1127 2225 ipso
1147 2162 1284 2212 aere
1305 2159 1552 2213 Uraniae
1572 2159 1781 2211 nostrae
1802 2158 2090 2211 inserviat.
2117 2159 2313 2223 Atque
2333 2157 2464 2211 haec

261 2231 332 2284 de
353 2231 445 2284 his
464 2231 614 2284 satis.

332 2302 544 2363 Dole0,
564 2302 1092 2367 incomparabilem
1111 2302 1283 2354 illum
1296 2305 1490 2354 virum
1506 2301 1917 2354 ANDREAM
1936 2299 2356 2354 DUDITIUM
2376 2299 2463 2352 su-

260 2389 533 2439 premum
548 2374 706 2427 diem
720 2373 927 2440 obijsse.
951 2373 1382 2427 Constitueram
1397 2389 1533 2425 cum
1546 2373 1649 2425 illo
1663 2388 1767 2438 per
1781 2373 1978 2425 literas
1992 2374 2313 2424 amicitiam
2327 2386 2463 2424 con-

260 2444 492 2498 trahere
513 2452 568 2498 et
587 2452 797 2511 rogatu
816 2445 1200 2507 PRAETORIJ
1222 2444 1522 2510 quendam
1543 2461 1615 2497 ex
1635 2447 1783 2496 meis
1803 2443 2081 2497 Studiosis
2105 2458 2241 2496 cum
2263 2441 2463 2495 instru-

260 2523 462 2569 mento
477 2516 978 2569 observationibus
992 2516 1412 2568 Astronomicis
1431 2516 1649 2569 idoneo
1669 2515 1745 2568 ad
1765 2515 1934 2567 illum
1953 2517 2204 2574 mittere;
2223 2514 2283 2567 id
2305 2515 2464 2566 enim

261 2590 326 2649 is,
354 2588 498 2641 dum
516 2591 580 2640 in
598 2590 748 2640 vivis
770 2589 913 2649 esset,
939 2604 977 2641 a
1001 2587 1419 2641 PRAETORIO
1444 2590 1705 2652 petierat,
1732 2586 1828 2638 sed
1850 2589 1973 2639 iam
1991 2585 2268 2646 intellexi,
2295 2584 2465 2637 illum

261 2659 382 2712 fata
401 2659 571 2712 nobis
591 2660 960 2725 praeripuisse,
981 2675 1105 2712 non
1118 2659 1256 2711 sane
1271 2659 1486 2723 absque
1501 2660 1664 2724 gravi
1679 2657 2037 2723 Reipublicae
2056 2657 2348 2716 literariae,
2369 2658 2465 2709 cui

260 2730 585 2795 plurimum
604 2730 838 2796 profuit,
859 2729 1099 2783 iaetura.
1120 2730 1324 2791 Addis‚
1345 2730 1515 2782 illum
1535 2730 1608 2782 de
1627 2729 1790 2782 libris
1804 2728 2167 2790 WITICHIJ
2185 2730 2307 2780 iam
2321 2727 2465 2780 olim

263 2817 399 2854 cum
417 2801 614 2854 sorore
634 2802 809 2867 ipsius
831 2803 1008 2868 egisse,
1030 2817 1166 2867 quae
1180 2808 1381 2854 tamen
1395 2800 1687 2853 difficilior
1701 2799 1851 2853 nihil
1866 2815 2075 2852 eorum
2089 2798 2324 2851 distrahi
2337 2813 2463 2864 per-

2512 1103 2555 1139 lo

2514 1459 2556 1495 1⁵

2498 1949 2581 1994 15v

2513 2171 2558 2206 25

262 2875 489 2925 mittere
502 2873 705 2926 voluit.
727 2873 840 2927 Sed
855 2880 919 2925 ut
934 2873 1009 2925 est
1022 2876 1256 2926 varium
1271 2880 1325 2925 et
1338 2872 1621 2925 mutabile
1637 2872 1860 2936 semper
1872 2870 2111 2931 femina,
2126 2868 2254 2922 fieri
2267 2869 2462 2934 potest,
2477 2882 2560 2926 ·1·³⁵

263 2944 423 3008 quod
442 2947 564 2997 iam
584 2947 646 2997 in
665 2945 781 2996 illis
799 2944 1125 2997 vendendis
1144 2944 1372 2996 facilior
1390 2943 1469 2996 fit.
1498 2944 1660 3009 Rogo
1684 2945 1884 3007 itaque
1907 2947 2298 3007 peramanter,
2318 2940 2464 2992 velis

262 3030 366 3080 per
392 3015 653 3080 aliquem
676 3022 899 3068 certum
920 3022 975 3068 et
993 3015 1230 3068 fidelem
1249 3018 1445 3068 virum
1463 3014 1827 3067 Vratislaviae
1855 3014 2161 3079 degentem
2186 3027 2374 3078 agere,
2401 3017 2465 3064 ut

263 3101 399 3137 meo
425 3089 668 3138 nomine
695 3102 831 3139 cum
856 3087 960 3139 illa
984 3087 1271 3152 transigat,
1299 3101 1419 3151 quo
1446 3101 1687 3138 omnem
1708 3087 1835 3138 eius
1853 3082 2267 3149 supellectilem
2292 3083 2464 3135 libra-

264 3159 415 3208 riam
430 3163 484 3208 et
498 3157 869 3210 chartaceam
883 3158 1029 3210 iusto
1042 3161 1229 3223 pretio
1244 3157 1566 3218 nanciscar;
1587 3172 1693 3222 ego
1707 3159 2023 3221 pecuniam
2037 3154 2122 3207 illi
2135 3155 2465 3220 promissam

263 3234 493 3280 mature
515 3235 670 3281 certo
691 3229 939 3294 persolvi
960 3229 1197 3290 curab0‚
1218 3229 1441 3281 nollem
1463 3230 1638 3289 enim,
1659 3235 1723 3280 ut
1744 3229 1939 3293 eximij
1957 3226 2115 3278 illius
2130 3225 2464 3278 Mathema-

264 3301 361 3350 tici
380 3298 511 3350 libri
531 3302 787 3363 perirent
806 3307 908 3352 aut
927 3303 990 3351 in
1011 3315 1236 3361 eorum,
1264 3302 1367 3365 qui
1388 3315 1489 3352 eos
1509 3302 1572 3351 in
1591 3301 1778 3363 pretio
1802 3313 1926 3351 non
1948 3297 2223 3358 habeant,
2249 3310 2465 3348 manus

264 3372 652 3434 pervenirent.
684 3369 1217 3424 COPERNICUM
1250 3373 1376 3423 eius
1409 3377 1464 3423 et
1495 3385 1630 3435 quae
1661 3370 1733 3422 de
1761 3368 2095 3435 Triangulis
2124 3365 2463 3431 conscripsit,

2338 3452 2463 3503 prae

2513 3238 2560 3274 40
