2664 4030
284 307 353 358 20
818 303 1257 358 EPISTOLAE
1281 303 1949 357 ASTRONOMICAE

284 449 623 513 obiurgatus
644 449 787 509 esset,
807 447 986 500 inscio
1008 454 1062 499 et
1081 450 1267 500 invito
1287 446 1479 508 fratre,
1501 446 1719 511 fibique
1739 446 1842 511 ipfi
1861 446 2017 498 male
2038 446 2300 499 conscius
2320 447 2480 512 Hey-

284 519 555 584 delberga
574 518 822 571 discedit.
846 518 983 584 Quo
1003 518 1239 584 posthac
1253 515 1544 583 profectus
1558 517 1637 579 fit,
1659 524 1761 570 aut
1775 518 1875 570 ubi
1890 516 2174 570 hactenus
2187 518 2242 569 se
2258 518 2482 570 detinu-

284 593 406 650 erit,
433 605 557 642 non
582 590 663 642 sat
689 590 915 642 scimus,
936 589 1160 642 Verum
1179 589 1474 642 PETRUS
1495 589 1825 649 Aurifaber,
1855 592 1956 654 qui
1975 595 2108 640 tuas
2128 587 2277 640 mihi
2296 588 2481 641 reddi-

284 662 380 722 dit,
408 662 602 714 aiebat
628 677 767 713 eum
786 661 1031 713 Hafniae
1052 661 1211 724 apud
1230 667 1286 712 te
1305 661 1477 713 bonis
1498 661 1931 712 conditionibus
1953 661 2072 720 esse,
2102 666 2156 712 et
2181 659 2377 725 studijs
2396 662 2482 711 in-

283 733 573 785 cumbere.
608 732 693 784 M.
716 731 1141 785 IOHANNES
1171 747 1409 795 quoque
1439 731 1703 784 MAIOR
1733 731 2103 796 significabat,
2135 731 2191 783 se
2220 730 2418 782 literas
2447 747 2484 783 a
2532 747 2554 781 5

283 803 574 856 MARCO
595 804 754 868 apud
775 802 1031 855 eundem
1051 801 1378 854 PETRUM
1399 803 1684 866 accepisse‚
1713 802 1926 866 quibus
1952 802 2072 854 fere
2098 802 2256 854 idem
2281 801 2482 854 scribe-

280 876 395 936 bat,
418 881 474 926 et
491 880 779 938 praeterea
799 873 1036 938 culpam
1056 873 1494 937 deprecabatur,
1519 879 1696 937 atque
1716 873 1973 938 rogabat,
1995 880 2059 925 ut
2078 873 2238 938 apud
2256 880 2485 938 patrem

282 946 354 998 de
374 944 851 997 reconciliatione
872 950 1082 1009 ageret.
1105 943 1218 996 Sed
1237 947 1421 996 iratus
1440 950 1605 1008 pater
1621 959 1775 1008 aegre
1790 943 1984 996 adhuc
1997 944 2483 997 reconciliabitur.

283 1016 343 1069 Si
362 1031 566 1068 veram
586 1018 998 1081 poenitentiam
1020 1017 1198 1080 egerit
1223 1020 1399 1079 atque
1426 1015 1740 1079 resipuerit,
1767 1021 1998 1080 gratum
2022 1015 2170 1067 mihi
2195 1014 2417 1076 feceriS,
2444 1015 2485 1067 fi

281 1103 418 1139 mea
437 1088 624 1139 caussa
645 1102 799 1147 eum,
822 1086 981 1151 quod
1001 1086 1119 1138 fine
1139 1085 1401 1138 molestia
1420 1092 1524 1138 tua
1543 1085 1671 1138 fieri
1684 1086 1880 1146 velim,
1901 1088 2141 1138 iuveris:
2162 1086 2246 1138 fin
2260 1086 2484 1151 aliquid
2536 1101 2579 1136 ιο

281 1158 516 1224 posthac
541 1164 753 1223 praeter
774 1157 1037 1210 officium
1063 1156 1277 1218 fecerit,
1305 1164 1360 1209 et
1385 1159 1448 1209 in
1473 1159 1655 1221 priori
1673 1156 1777 1209 sua
1796 1156 2149 1222 negligentia
2166 1157 2483 1221 perstiterit,

282 1229 561 1294 quicquid
571 1231 635 1281 in
647 1245 785 1281 eum
792 1228 1052 1294 supplicij
1064 1228 1387 1293 sumpseriS,
1397 1228 1618 1280 etiamsi
1630 1243 1769 1280 eum
1781 1230 2004 1293 egregie
2015 1234 2069 1280 et
2076 1228 2232 1280 male
2243 1226 2483 1281 mulc‘ta-

280 1304 449 1361 veris‚
473 1307 527 1352 et
545 1301 886 1365 parentibus
907 1306 962 1352 et
981 1300 1151 1352 nobis
1171 1302 1518 1365 propinquis
1533 1306 1587 1351 et
1602 1302 1861 1365 cognatis
1881 1298 1995 1351 suis
2016 1315 2141 1351 rem
2160 1306 2386 1364 gratam
2405 1299 2484 1351 fe-

282 1374 443 1424 ceris,
472 1372 669 1424 Mater
689 1374 832 1433 eiuS,
859 1374 975 1436 piae
995 1374 1301 1423 memoriae
1321 1370 1560 1432 femina,
1587 1373 1881 1438 praeterito
1901 1370 2116 1430 mense,
2143 1370 2176 1422 3
2202 1373 2485 1423 nimirum

282 1444 491 1496 Nonas
518 1443 837 1509 Februarij‚
863 1442 1087 1508 vesperi
1112 1442 1263 1494 hora
1282 1443 1315 1494 8
1335 1445 1429 1507 pie
1450 1445 1513 1493 in
1534 1442 1761 1495 Christo
1783 1442 2158 1494 obdormivit:
2186 1457 2321 1494 cum
2348 1448 2484 1494 ante
2539 1457 2580 1491 15

281 1530 473 1566 annos
492 1515 563 1567 48
584 1515 777 1567 Nonis
799 1514 1057 1567 eiusdem
1075 1513 1287 1566 menfis
1307 1516 1371 1565 in
1390 1513 1550 1566 hunc
1570 1514 1863 1565 mundum
1883 1512 2229 1566 nasceretur.
2258 1512 2409 1566 Illud
2429 1519 2484 1565 te

281 1586 603 1638 admonere
626 1585 811 1638 volui:
840 1586 909 1637 In
936 1584 1352 1650 compofitione
1378 1600 1732 1650 magnarum
1757 1583 2188 1637 PTOLEMAEI
2208 1584 2483 1637 Armilla-

280 1672 415 1709 rum
442 1657 600 1721 (quae
626 1659 993 1709 minutorum
1013 1656 1109 1708 vel
1127 1655 1439 1708 subtilioris
1465 1655 1876 1708 distributionis
1903 1671 2148 1720 capaces
2170 1655 2322 1719 sunt)
2349 1671 2485 1708 cum

282 1728 548 1781 distantia
573 1728 854 1780 Polorum
884 1725 1360 1792 (AEquinodtialis
1388 1727 1657 1779 videlicet
1687 1734 1741 1779 et
1770 1726 2089 1792 Eclipticae)
2118 1742 2227 1792 pro
2256 1729 2485 1779 ratione

279 1802 561 1864 temporis
580 1806 853 1860 mutetur,
874 1800 1131 1859 Axonia,
1154 1814 1290 1863 quae
1311 1814 1447 1850 cum
1467 1798 1747 1850 Delatore
1769 1798 2010 1851 Zodiaci
2024 1801 2087 1850 in
2101 1797 2256 1850 Polis
2276 1799 2485 1850 mundi
2534 1812 2580 1848 20

281 1877 716 1932 convertuntur,
747 1873 829 1923 ita
853 1873 917 1922 in
942 1870 1224 1922 Delatore
1250 1869 1502 1935 tranfijci
1526 1871 1692 1935 posse,
1722 1875 1787 1922 ut
1814 1870 1884 1921 24
1910 1872 2277 1922 minutorum
2301 1869 2484 1934 spatio

282 1942 441 2008 (quae
460 1941 606 2002 sunt,
628 1949 692 1994 ut
711 1942 872 2003 nosti,
894 1940 1242 1994 differentiae
1262 1943 1542 1993 maximae
1564 1947 1619 1994 et
1637 1943 1904 1993 minimae
1926 1940 2286 2005 obliquitatis
2300 1940 2484 2006 Signi-

278 2013 409 2077 feri)
430 2012 719 2066 hincinde
734 2029 841 2079 pro
855 2015 1183 2065 mutatione
1198 2012 1629 2065 Declinationis
1643 2012 1795 2065 Solis
1808 2014 2105 2073 maximae,
2127 2027 2484 2077 quocunque
2534 2013 2562 2055 ’ί

278 2084 539 2137 volueris
564 2087 808 2146 moveri,
837 2092 892 2137 et
917 2083 1309 2136 nihilominus
1335 2086 1489 2137 intra
1514 2083 1630 2136 tale
1656 2083 1906 2149 spatium
1932 2083 2124 2136 ubivis
2145 2089 2199 2136 et
2219 2083 2484 2148 quando-

280 2171 514 2221 cunque
548 2162 705 2208 certo
736 2156 868 2209 loco
900 2155 1222 2208 secundum
1254 2155 1608 2208 diametrum
1637 2171 1774 2208 cum
1802 2154 1946 2207 Polo
1978 2155 2187 2208 mundi
2219 2153 2485 2208 connecti
2534 2169 2580 2204 25

280 2229 659 2292 convertique
687 2234 921 2292 queant.
949 2227 1241 2279 Praeterea
1265 2227 1325 2279 id
1352 2242 1590 2291 quoque
1617 2227 1693 2279 ad
1718 2226 2048 2291 pleniorem
2072 2225 2251 2278 huius
2278 2225 2484 2278 Instru-

279 2300 463 2350 menti
482 2297 899 2363 perfectionem
920 2298 1111 2351 facere
1132 2298 1363 2350 videtur
1386 2298 1530 2363 (quo
1555 2298 1850 2350 stellarum
1875 2297 2007 2350 loca
2032 2299 2362 2350 accuratius
2388 2312 2484 2349 ex-

280 2369 654 2434 quifitiusque
685 2376 739 2422 et
769 2370 844 2422 ad
873 2369 1143 2430 secunda,
1176 2372 1360 2430 tertia,
1395 2375 1606 2434 quarta
1635 2375 1737 2421 etc.
1768 2368 2039 2434 scrupula
2069 2367 2276 2421 haberi
2307 2374 2484 2434 atque

280 2442 412 2505 capi
436 2440 660 2505 possint)
682 2447 746 2493 ut
767 2441 1144 2494 Geometrica
1164 2440 1267 2492 illa
1287 2447 1342 2492 et
1362 2439 1671 2492 artificiosa
1695 2440 2090 2505 plurimorum
2113 2439 2483 2501 circulorum,

279 2514 434 2564 intra
452 2512 508 2564 se
528 2514 783 2564 invicem
803 2510 1128 2572 ductorum,
1157 2511 1475 2564 distributio
1495 2514 1558 2563 in
1577 2511 1770 2576 planis
1795 2511 2074 2564 lateribus
2094 2510 2484 2564 Armillarum
2533 2525 2580 2560 ³0

280 2589 457 2648 atque
478 2598 686 2636 earum
705 2583 962 2636 maxillis
984 2582 1166 2648 (quod
1186 2582 1356 2635 facile
1373 2585 1436 2635 in
1453 2589 1616 2635 tanta
1629 2583 2019 2635 Armillarum
2035 2582 2343 2635 latitudine
2356 2581 2485 2635 fieri

279 2654 481 2718 potest)
512 2654 706 2707 debito
734 2654 915 2707 modo
944 2661 1179 2707 notetur
1209 2661 1385 2719 atque
1415 2653 1754 2719 designetur.
1790 2653 1903 2707 Sed
1932 2654 2075 2719 quid
2104 2669 2211 2719 ego
2240 2651 2484 2706 noctuas

279 2724 565 2786 AthenaS‚
599 2728 701 2790 qui
733 2725 863 2778 haec
895 2725 971 2779 ad
999 2723 1091 2778 te?
1129 2725 1281 2778 Illud
1312 2741 1464 2790 pene
1496 2724 1817 2791 significare
1849 2725 1952 2778 tibi
1982 2724 2482 2790 praetermiseram.

281 2796 691 2860 Quadrantem
715 2797 974 2850 nostrum
1002 2796 1452 2862 Giggingensem
1479 2797 1672 2849 Nonis
1699 2797 2044 2849 Decembris
2068 2797 2368 2861 proximis,
2397 2798 2482 2847 in-

281 2867 669 2920 crebrescente
679 2868 1121 2921 vehementiore
1132 2875 1325 2928 vent0,
1341 2867 1568 2933 lapsum
1583 2869 1865 2929 corruisse‚
1879 2867 2115 2931 eiusque
2129 2866 2300 2919 usum
2312 2865 2484 2919 nobis
2532 2881 2579 2917 3⁵
2647 2935 2652 2938 η

281 2954 439 2990 nunc
453 2942 685 3003 penitus
701 2939 1045 3005 ademptum
1059 2940 1179 2991 esse.
1196 2939 1415 2991 Iterum
1426 2945 1602 3004 atque
1614 2942 1828 2991 iterum
1838 2938 1986 2991 vale.
2001 2938 2251 2991 Clavem
2262 2938 2339 2990 ad
2351 2952 2482 3003 cap-

280 3009 469 3061 sulam
476 3010 865 3062 Armillarum
876 3010 973 3062 hic
983 3026 1107 3063 una
1117 3013 1300 3062 mitto.
1313 3010 1513 3062 Frater
1522 3025 1691 3062 meus
1705 3018 1759 3062 et
1770 3005 1791 3078 ΙΙ
1799 3008 2178 3062 ANDREAS
2188 3008 2482 3061 WELSE-
2520 3016 2602 3060 14v

282 3079 431 3133 RUS
450 3080 769 3145 plurimam
788 3081 891 3134 tibi
911 3081 1157 3133 salutem
1176 3081 1443 3142 reddunt,
1465 3087 1642 3146 atque
1662 3083 1748 3133 tui
1767 3083 2119 3132 memoriam
2140 3095 2275 3132 cum
2294 3078 2482 3133 hono-

281 3150 446 3203 rifica
459 3150 530 3203 de
545 3157 600 3203 te
614 3155 915 3204 mentione
933 3152 1339 3217 saepenumero
1357 3152 1651 3204 recordari
1668 3151 1867 3204 solent.
1891 3152 2109 3203 Iterum
2123 3151 2273 3212 vale,
2296 3157 2351 3203 et
2369 3166 2482 3212 me,

281 3222 441 3286 quod
455 3221 615 3283 faciS‚
631 3223 937 3275 redamare
952 3239 1028 3275 ne
1043 3223 1285 3276 desinas,
1301 3223 1613 3275 Dabantur
1627 3222 1903 3288 Augustae
1913 3222 2374 3282 Vindelicorum,
2389 3222 2483 3275 die
2531 3237 2579 3272 4ο

281 3291 638 3359 AEquinoclij
661 3295 845 3354 verni,
867 3293 980 3346 hoc
1002 3294 1075 3346 est
1095 3296 1144 3347 5.
1167 3295 1304 3346 Idus
1325 3294 1545 3359 Martij,
1566 3294 1747 3346 Anno
1767 3293 1965 3346 salutis
1986 3294 2071 3346 M.
2088 3293 2162 3346 D.
2178 3293 2409 3346 LXXV.

1382 3364 1446 3415 T.
1665 3365 1941 3417 PAULUS
1971 3365 2338 3416 HAINTZEL.
2372 3433 2481 3499 [Ex
