2644 4030
62 943 144 988 37¹

84 1093 128 1130 10

84 1451 127 1487 15

79 1807 126 1843 20

79 2163 126 2199 2⁵

79 2519 127 2555 30

79 2875 127 2911 35

62 3222 151 3267 37v

212 293 515 347 TYCHO
535 293 658 346 AD
684 292 1228 347 THADDAEUM
1254 293 1740 347 HAGECIUM
1765 294 1798 346 3
1824 294 2025 348 AUG.
2053 295 2199 348 1590
2271 295 2376 348 269

174 436 280 490 tibi
306 435 408 502 ipfi
437 451 562 489 non
588 435 834 502 suppetit
863 438 1066 497 otium,
1097 443 1199 489 aut
1223 436 1500 489 voluntas
1529 435 1680 489 deest
1703 435 1846 489 talia
1870 435 2179 497 scrutandi,
2209 437 2375 499 alim,

175 506 680 572 impossibilitatem
706 508 1055 573 obijciend0,
1082 524 1119 560 a
1143 515 1267 561 tam
1293 510 1521 573 egregio
1548 514 1766 560 conatu
1791 523 1916 559 non
1941 508 2254 569 retrahere,
2281 509 2376 561 sed

175 581 388 644 potius,
409 586 473 631 ut
492 579 622 631 haec
641 579 875 644 plenius
894 579 1276 644 pervestigare
1296 579 1633 644 satagerent,
1654 578 1950 630 stimulum
1970 580 2186 631 addere
2207 580 2375 632 debe-

174 650 298 703 bas,
332 649 511 714 Quod
540 652 815 703 amicitiae
847 650 1055 702 nostrae
1089 650 1340 702 confisus
1371 650 1658 703 benevole
1688 657 1743 702 et
1772 650 2019 702 candide
2047 658 2103 702 te
2131 666 2376 703 monere

175 721 356 782 volui,
382 729 654 786 petoque,
682 728 746 773 ut
771 720 927 773 hanc
953 721 1207 774 nostram
1228 722 1304 774 ad
1322 731 1427 774 tua
1446 722 1626 774 dubia
1646 721 2122 786 qualemcunque
2145 721 2376 786 respon-

174 792 398 845 sionem
416 793 559 845 boni
579 792 864 845 consulas,
885 793 1007 857 Ego
1028 793 1099 845 de
1119 793 1212 844 his
1232 793 1405 857 plura
1423 807 1547 845 non
1567 793 1807 854 addam;
1827 795 2163 858 permittam
2182 796 2377 858 potius

176 863 411 916 cuilibet
430 863 655 924 sentire,
683 863 843 927 quod
862 863 1035 923 volet,
1063 879 1142 915 an
1161 864 1430 916 videlicet
1450 865 1763 924 ordinarie,
1791 879 1870 916 an
1890 879 2032 916 vero
2056 864 2292 916 confuse
2315 867 2378 917 in

175 934 329 987 coelo
348 929 740 1003 moveantur„
759 934 1042 987 Cometae.
1065 935 1415 987 Memineris
1434 943 1650 996 tamen,
1671 943 1948 988 naturam
1967 935 2151 1001 ipsam
2172 937 2378 988 ordine

175 1006 403 1059 decenti
422 1005 677 1071 gaudere
699 1012 754 1057 et
770 1021 808 1057 a
822 1007 1205 1070 perplexitate
1221 1013 1275 1057 et
1290 1006 1629 1058 confusione
1649 1006 1984 1067 abhorrere,
2005 1014 2069 1059 ut
2089 1006 2164 1059 ob
2177 1008 2237 1059 id
2254 1023 2378 1059 non

175 1076 280 1130 abs
306 1092 369 1129 re
394 1076 584 1137 fuerit,
612 1077 774 1142 quod
792 1076 1142 1142 Pythagorei
1162 1093 1550 1129 numerorum
1569 1078 2046 1142 proportionibus
2067 1080 2271 1131 omnia
2291 1081 2376 1130 in-

175 1147 410 1200 cludere
435 1148 770 1201 studuerint.
798 1148 951 1200 Haec
976 1151 1175 1213 itaque
1202 1149 1273 1200 de
1300 1148 1413 1200 istis
1437 1148 1742 1210 sufficiant,
1769 1149 1811 1201 fi
1834 1149 2015 1202 modo
2040 1165 2165 1202 non
2191 1151 2379 1202 nimia

174 1219 407 1272 fuerint.
429 1220 608 1272 Nunc
628 1220 704 1272 ad
724 1219 953 1284 reliqua
971 1222 1086 1271 tuis
1105 1219 1286 1271 literis
1307 1219 1729 1284 comprehensa
1747 1222 2102 1286 progrediar.

247 1290 426 1354 Quod
438 1294 672 1343 numeri
686 1290 1038 1356 Alphonfini
1052 1298 1228 1355 atque
1245 1290 1616 1355 Copernicaei
1629 1298 1934 1356 tantopere
1951 1295 2014 1343 in
2027 1292 2171 1344 locis
2195 1291 2233 1357 b
2258 1298 2314 1344 et
2334 1297 2372 1352 2}

174 1364 481 1427 praeteritis
508 1362 803 1414 mensibus
832 1362 1222 1426 discreparint,
1253 1377 1376 1414 non
1403 1361 1479 1414 est
1503 1365 1744 1423 mirum;
1774 1378 1917 1415 nam
1941 1363 2001 1415 id
2026 1363 2173 1415 alias
2201 1366 2379 1415 etiam

176 1436 472 1499 contingit.
498 1433 746 1496 Propius
771 1440 972 1486 tamen
997 1433 1073 1486 ad
1100 1433 1390 1486 coelestem
1415 1449 1691 1486 normam
1711 1434 1932 1486 accedit
1953 1434 2378 1487 COPERNICI

174 1507 342 1565 rati0,
367 1504 502 1557 licet
528 1512 584 1556 et
608 1505 738 1557 haec
763 1508 827 1557 in
855 1510 893 1564 ²*
923 1520 1363 1569 nonnunquam
1388 1504 1522 1570 plus
1547 1507 1772 1571 integro
1798 1506 1984 1570 gradu
2009 1505 2216 1566 deviet,
2242 1508 2306 1558 in
2335 1505 2372 1571 b

174 1575 356 1641 usque
376 1576 453 1629 ad
473 1576 800 1628 dimidium.
823 1576 1020 1628 Multo
1042 1579 1203 1628 enim
1220 1579 1512 1628 maiorem
1525 1579 1588 1628 in
1602 1575 1695 1628 his
1709 1577 1940 1629 duobus
1954 1576 2378 1641 ponderosiori-

173 1647 284 1700 bus
308 1647 565 1700 Planetis
591 1647 1125 1701 COPERNICUM
1151 1650 1514 1700 committere
1541 1663 1578 1700 a
1604 1648 1757 1700 coelo
1785 1648 1908 1713 ipso
1934 1648 2381 1713 discrepantiam

173 1717 459 1772 hactenus
484 1734 610 1772 non
634 1721 853 1779 inveni,
880 1719 1013 1771 licet
1031 1721 1094 1771 in
1124 1723 1174 1779 d*
1203 1718 1334 1771 haec
1353 1725 1552 1771 ternos
1571 1719 1814 1772 subinde
1833 1719 2065 1785 graduS,
2087 1719 2182 1771 vel
2202 1722 2380 1771 etiam

173 1789 356 1855 paulo
376 1790 531 1842 ultra
550 1793 808 1856 attingat.
831 1790 1009 1853 Quod
1028 1806 1171 1842 vero
1195 1795 1233 1850 ²2
1256 1790 1415 1842 stella
1429 1790 1522 1842 his
1535 1790 1667 1855 ipfis
1682 1791 1887 1843 diebus
1901 1791 2058 1856 grad.
2074 1792 2122 1846 l}
2139 1790 2380 1843 ulterior

173 1861 238 1914 fit
256 1862 417 1926 apud
437 1861 970 1914 COPERNICUM
991 1877 1174 1926 quam
1188 1862 1719 1923 ALPHONSUM,
1739 1869 1970 1914 tantum
1989 1869 2189 1915 tamen
2209 1862 2378 1922 abest,

172 1939 238 1985 ut
262 1935 472 1986 vitium
496 1948 679 1997 penes
707 1933 1238 1986 COPERNICUM
1265 1936 1605 1998 reperiatur,
1634 1934 1794 1998 quod
1820 1933 2040 1986 coelum
2065 1933 2255 1998 ipsum
2279 1934 2378 1986 ad-

172 2003 291 2056 huc
305 2011 516 2069 quarta
529 2003 650 2056 fere
664 2005 879 2070 gradus
892 2011 1057 2069 parte
1073 2007 1200 2056 eius
1216 2004 1645 2070 longitudinem
1661 2005 1795 2069 plus
1812 2012 2175 2069 promoveat,
2197 2020 2380 2069 quam

172 2075 595 2141 Ephemerides
622 2090 654 2127 e
679 2076 992 2128 Prutenico
1018 2076 1298 2128 derivatae
1326 2076 1570 2128 calcu10.
1602 2076 1695 2128 Sic
1725 2075 1764 2140 b
1792 2076 1950 2128 sexta
1974 2082 2139 2140 parte
2164 2077 2379 2141 gradus

174 2149 239 2199 in
268 2146 391 2212 ipso
423 2146 578 2199 coelo
607 2146 683 2199 est
711 2149 971 2200 anterior
1001 2147 1429 2200 COPERNICI
1460 2150 1890 2207 numeratione,
1922 2147 2055 2199 licet
2085 2147 2215 2199 haec
2246 2147 2380 2212 plus

173 2218 238 2273 2⁷}
250 2218 525 2284 gradibus
539 2218 972 2283 Alphonfinam
985 2219 1294 2284 praecedat.
1317 2219 1591 2271 Latitudo
1607 2226 1809 2271 tamen
1827 2221 1954 2270 eius
1975 2234 2111 2270 cum
2130 2218 2244 2270 hoc
2265 2219 2378 2270 cal-

174 2289 309 2342 culo
326 2292 481 2341 intra
496 2290 755 2354 paucula
767 2292 1000 2342 minuta
1013 2289 1309 2351 consentit,
1328 2305 1465 2342 cum
1478 2290 1637 2355 apud
1650 2290 2182 2343 COPERNICUM
2196 2289 2379 2342 ferme

174 2360 419 2413 dimidio
444 2361 630 2426 gradu
657 2362 906 2413 excessus
934 2363 1346 2414 committatur.
1374 2359 1745 2413 Exactiorem
1764 2361 1982 2413 horum
2001 2361 2379 2413 Planetarum

172 2439 301 2484 tum
320 2435 500 2485 etiam
518 2432 776 2485 aliorum
795 2448 932 2485 cum
952 2432 1277 2486 coelestibus
1298 2435 1657 2499 apparentijs
1678 2432 2252 2497 correspondentiam
2275 2448 2378 2484 no-

173 2502 300 2555 strae
321 2503 754 2556 observationes
781 2520 917 2556 cum
936 2504 1230 2557 veteribus
1257 2504 1504 2564 collatae,
1530 2503 1766 2556 favente
1793 2504 2111 2557 coelestium
2133 2503 2376 2568 opifice,

174 2574 499 2638 aliquando
530 2574 995 2639 suppeditabunt.
1032 2575 1277 2641 Epocha
1308 2575 1730 2628 Mesthliniana
1761 2591 1885 2628 non
1918 2582 2041 2627 erat
2071 2574 2220 2626 mihi
2251 2591 2378 2626 mu-

173 2646 371 2705 tanda,
387 2645 607 2698 etiamfi
620 2646 1059 2711 aliquantulum
1072 2646 1316 2699 haberet
1328 2649 1450 2712 vitij
1459 2689 1471 2706 ‚
1487 2647 1631 2699 dum
1644 2646 2038 2699 demonstrare
2052 2646 2233 2706 volui,
2252 2649 2379 2698 eius

173 2716 522 2783 hypothesin
547 2725 725 2782 atque
750 2717 1139 2771 fundamenta
1166 2734 1272 2783 per
1296 2725 1482 2770 totam
1508 2719 1775 2771 Cometae
1803 2719 2176 2770 durationem
2204 2717 2379 2783 ipsius

165 2791 533 2854 apparentijS
546 2788 839 2842 salvandis
853 2805 977 2842 non
992 2790 1334 2842 omnimode
1349 2789 1674 2849 satisfecisse,
1694 2790 1844 2841 adeo
1859 2796 1922 2840 ut
1938 2791 2091 2840 circa
2103 2788 2380 2840 ultimum

174 2862 495 2912 terminum
528 2863 721 2912 maior
752 2860 936 2912 tribus
970 2860 1246 2926 gradibus
1279 2861 1571 2913 commissa
1601 2860 1665 2912 fit
1697 2859 2042 2912 differentia.
2082 2859 2224 2912 Non
2256 2866 2380 2912 erat

175 2930 415 2995 quaestio
442 2931 514 2983 de
541 2931 784 2996 Epocha
810 2935 937 2984 eius
964 2932 1170 2996 (quam
1194 2931 1332 2984 sane
1359 2932 1612 2983 eandem
1638 2946 1774 2983 cum
1800 2946 1872 2983 eo
1897 2930 2019 2995 ipso
2044 2930 2378 2996 praesuppo-

175 3017 316 3054 nere
337 3002 615 3066 oportuit)
637 3018 832 3067 neque
847 3010 1073 3067 quartae
1086 3005 1267 3068 partis
1281 3003 1495 3067 gradus
1512 3006 1576 3055 in
1592 3002 1705 3055 hac
1720 3002 2118 3067 discrepantia,
2139 3002 2199 3054 id
2219 3003 2380 3067 quod

175 3088 283 3138 ego
312 3073 708 3134 intendebam,
738 3089 1095 3138 magnopere
1122 3073 1496 3138 impediebat,
1522 3074 1618 3125 vel
1644 3076 1821 3126 etiam
1849 3074 2250 3139 promovebat.
2280 3074 2380 3126 An

174 3146 401 3196 veroin
421 3144 664 3208 Epocha
682 3144 785 3196 illa
804 3145 861 3197 15
882 3145 1275 3197 desiderentur
1299 3144 1586 3209 scrupula,
1612 3144 1941 3209 periculum
1967 3160 2092 3197 non
2116 3144 2244 3206 feci,
2270 3161 2380 3198 nec

178 3217 356 3267 etiam
385 3210 406 3283 ΙΙ
434 3214 626 3267 facere
658 3215 834 3274 lubet,
867 3230 1003 3267 cum
1032 3230 1125 3267 res
1153 3215 1283 3267 haec
1311 3231 1525 3279 pamm
1554 3216 1630 3268 ad
1657 3215 2018 3281 propositum
2047 3215 2238 3277 faciat,
2271 3232 2380 3269 nec

175 3288 377 3350 magni
391 3286 716 3338 admodum
730 3286 793 3338 fit
807 3289 1110 3338 momenti.
1133 3286 1312 3350 Quod
1331 3290 1394 3338 in
1413 3286 1960 3352 prostaphaerefibus
1978 3290 2127 3339 meis
2148 3288 2378 3341 enucle-

176 3357 347 3410 andis
371 3372 476 3424 per
500 3357 650 3410 duos
676 3360 931 3424 integros
955 3358 1183 3411 menses
1207 3373 1445 3411 mecum
1468 3361 1532 3411 in
1558 3358 1793 3411 diversis
1817 3362 2082 3411 terminis
2101 3358 2297 3419 fueris,
2325 3366 2379 3411 et

2271 3446 2379 3495 pro
