<?xml version="1.0" encoding="UTF-8"?>
<!DOCTYPE html PUBLIC "-//W3C//DTD XHTML 1.0 Transitional//EN"
    "http://www.w3.org/TR/xhtml1/DTD/xhtml1-transitional.dtd">
<html xmlns="http://www.w3.org/1999/xhtml" xml:lang="en" lang="en">
 <head>
  <title>
</title>
<meta http-equiv="Content-Type" content="text/html;charset=utf-8" />
  <meta name='ocr-system' content='tesseract 3.04.00' />
  <meta name='ocr-capabilities' content='ocr_page ocr_carea ocr_par ocr_line ocrx_word'/>
</head>
<body>
  <div class='ocr_page' id='page_1' title='image "./operaomniaedidit07brahuoft_0143.png"; bbox 0 0 2644 4030; ppageno 0'>
   <div class='ocr_carea' id='block_1_1' title="bbox 105 1105 147 1141">
    <p class='ocr_par' dir='ltr' id='par_1_1' title="bbox 105 1105 147 1141">
     <span class='ocr_line' id='line_1_1' title="bbox 105 1105 147 1141; baseline 0 0"><span class='ocrx_word' id='word_1_1' title='bbox 105 1105 147 1141; x_wconf 86' lang='lat'>10</span> 
     </span>
    </p>
   </div>
   <div class='ocr_carea' id='block_1_2' title="bbox 102 1463 145 1498">
    <p class='ocr_par' dir='ltr' id='par_1_2' title="bbox 102 1463 145 1498">
     <span class='ocr_line' id='line_1_2' title="bbox 102 1463 145 1498; baseline 0 0"><span class='ocrx_word' id='word_1_2' title='bbox 102 1463 145 1498; x_wconf 85' lang='lat'>15</span> 
     </span>
    </p>
   </div>
   <div class='ocr_carea' id='block_1_3' title="bbox 96 3244 144 3279">
    <p class='ocr_par' dir='ltr' id='par_1_3' title="bbox 96 3244 144 3279">
     <span class='ocr_line' id='line_1_3' title="bbox 96 3244 144 3279; baseline 0 0"><span class='ocrx_word' id='word_1_3' title='bbox 96 3244 144 3279; x_wconf 76' lang='lat'>40</span> 
     </span>
    </p>
   </div>
   <div class='ocr_carea' id='block_1_4' title="bbox 267 302 2394 359">
    <p class='ocr_par' dir='ltr' id='par_1_4' title="bbox 267 302 2394 359">
     <span class='ocr_line' id='line_1_4' title="bbox 267 302 2394 359; baseline 0 -2"><span class='ocrx_word' id='word_1_4' title='bbox 267 304 571 359; x_wconf 88' lang='lat' dir='ltr'>TYCHO</span> <span class='ocrx_word' id='word_1_5' title='bbox 598 304 719 358; x_wconf 91' lang='lat' dir='ltr'>AD</span> <span class='ocrx_word' id='word_1_6' title='bbox 747 303 1220 358; x_wconf 85' lang='lat' dir='ltr'>CASPARUM</span> <span class='ocrx_word' id='word_1_7' title='bbox 1246 302 1727 358; x_wconf 88' lang='lat' dir='ltr'><strong>PEUCERUM</strong></span> <span class='ocrx_word' id='word_1_8' title='bbox 1755 304 1816 357; x_wconf 90' lang='grc'>13</span> <span class='ocrx_word' id='word_1_9' title='bbox 1844 303 2061 358; x_wconf 90' lang='lat' dir='ltr'>SEPT.</span> <span class='ocrx_word' id='word_1_10' title='bbox 2084 303 2229 359; x_wconf 87' lang='lat'>1588</span> <span class='ocrx_word' id='word_1_11' title='bbox 2302 302 2394 358; x_wconf 85' lang='lat'>129</span> 
     </span>
    </p>
   </div>
   <div class='ocr_carea' id='block_1_5' title="bbox 195 446 2394 799">
    <p class='ocr_par' dir='ltr' id='par_1_5' title="bbox 195 446 2394 799">
     <span class='ocr_line' id='line_1_5' title="bbox 195 446 2393 514; baseline 0 -14"><span class='ocrx_word' id='word_1_12' title='bbox 195 454 322 500; x_wconf 90' lang='lat' dir='ltr'>tum</span> <span class='ocrx_word' id='word_1_13' title='bbox 338 446 685 514; x_wconf 88' lang='lat' dir='ltr'>figmentum</span> <span class='ocrx_word' id='word_1_14' title='bbox 701 450 878 500; x_wconf 91' lang='lat' dir='ltr'>nimis</span> <span class='ocrx_word' id='word_1_15' title='bbox 890 447 1219 501; x_wconf 88' lang='lat' dir='ltr'>violentum</span> <span class='ocrx_word' id='word_1_16' title='bbox 1236 448 1378 508; x_wconf 87' lang='lat' dir='ltr'>esset,</span> <span class='ocrx_word' id='word_1_17' title='bbox 1399 462 1621 512; x_wconf 89' lang='lat' dir='ltr'><strong>perque</strong></span> <span class='ocrx_word' id='word_1_18' title='bbox 1638 446 1963 500; x_wconf 92' lang='lat' dir='ltr'>multorum</span> <span class='ocrx_word' id='word_1_19' title='bbox 1980 447 2215 500; x_wconf 93' lang='lat' dir='ltr'>orbium</span> <span class='ocrx_word' id='word_1_20' title='bbox 2232 450 2393 500; x_wconf 85' lang='lat' dir='ltr'>inex-</span> 
     </span>
     <span class='ocr_line' id='line_1_6' title="bbox 195 517 2393 579; baseline 0 -8"><span class='ocrx_word' id='word_1_21' title='bbox 195 519 518 572; x_wconf 90' lang='lat' dir='ltr'>tricabilem</span> <span class='ocrx_word' id='word_1_22' title='bbox 537 519 831 572; x_wconf 91' lang='lat' dir='ltr'>hincinde</span> <span class='ocrx_word' id='word_1_23' title='bbox 851 517 1262 572; x_wconf 62' lang='lat' dir='ltr'>retractionem</span> <span class='ocrx_word' id='word_1_24' title='bbox 1282 518 1597 572; x_wconf 89' lang='lat' dir='ltr'>absurdum</span> <span class='ocrx_word' id='word_1_25' title='bbox 1615 518 1800 579; x_wconf 93' lang='lat' dir='ltr'>simul,</span> <span class='ocrx_word' id='word_1_26' title='bbox 1822 521 1944 571; x_wconf 92' lang='lat' dir='ltr'>imo</span> <span class='ocrx_word' id='word_1_27' title='bbox 1964 518 2278 572; x_wconf 90' lang='lat' dir='ltr'>ridiculum</span> <span class='ocrx_word' id='word_1_28' title='bbox 2297 518 2393 571; x_wconf 92' lang='lat' dir='ltr'>de-</span> 
     </span>
     <span class='ocr_line' id='line_1_7' title="bbox 195 589 2393 656; baseline 0 -14"><span class='ocrx_word' id='word_1_29' title='bbox 195 589 672 655; x_wconf 88' lang='lat' dir='ltr'>prehenderetur,</span> <span class='ocrx_word' id='word_1_30' title='bbox 694 606 802 643; x_wconf 92' lang='lat' dir='ltr'>nec</span> <span class='ocrx_word' id='word_1_31' title='bbox 817 593 994 643; x_wconf 92' lang='lat' dir='ltr'>etiam</span> <span class='ocrx_word' id='word_1_32' title='bbox 1008 590 1139 656; x_wconf 90' lang='lat' dir='ltr'>ipsis</span> <span class='ocrx_word' id='word_1_33' title='bbox 1154 592 1514 656; x_wconf 88' lang='lat' dir='ltr'>apparentijs</span> <span class='ocrx_word' id='word_1_34' title='bbox 1527 592 1590 642; x_wconf 94' lang='lat' dir='ltr'>in</span> <span class='ocrx_word' id='word_1_35' title='bbox 1604 590 1821 642; x_wconf 88' lang='lat' dir='ltr'>accessu</span> <span class='ocrx_word' id='word_1_36' title='bbox 1836 596 1890 642; x_wconf 91' lang='lat' dir='ltr'>et</span> <span class='ocrx_word' id='word_1_37' title='bbox 1904 591 2115 642; x_wconf 88' lang='lat' dir='ltr'>recessu</span> <span class='ocrx_word' id='word_1_38' title='bbox 2129 590 2393 643; x_wconf 89' lang='lat' dir='ltr'>Planeta-</span> 
     </span>
     <span class='ocr_line' id='line_1_8' title="bbox 196 660 2394 726; baseline -0 -12"><span class='ocrx_word' id='word_1_39' title='bbox 196 677 330 714; x_wconf 92' lang='lat' dir='ltr'>rum</span> <span class='ocrx_word' id='word_1_40' title='bbox 358 662 434 714; x_wconf 93' lang='lat' dir='ltr'>ad</span> <span class='ocrx_word' id='word_1_41' title='bbox 462 661 708 714; x_wconf 87' lang='lat' dir='ltr'>Terram</span> <span class='ocrx_word' id='word_1_42' title='bbox 737 661 1096 722; x_wconf 84' lang='lat' dir='ltr'>satisfaceret,</span> <span class='ocrx_word' id='word_1_43' title='bbox 1129 661 1344 714; x_wconf 92' lang='lat' dir='ltr'>idcirco</span> <span class='ocrx_word' id='word_1_44' title='bbox 1376 660 1470 713; x_wconf 91' lang='lat' dir='ltr'>his</span> <span class='ocrx_word' id='word_1_45' title='bbox 1499 660 1691 726; x_wconf 80' lang='lat' dir='ltr'>dubiJ’s</span> <span class='ocrx_word' id='word_1_46' title='bbox 1719 661 1822 713; x_wconf 93' lang='lat' dir='ltr'>diu</span> <span class='ocrx_word' id='word_1_47' title='bbox 1852 660 2201 726; x_wconf 80' lang='lat' dir='ltr'>implicatuS,</span> <span class='ocrx_word' id='word_1_48' title='bbox 2235 661 2394 726; x_wconf 92' lang='lat' dir='ltr'>quod</span> 
     </span>
     <span class='ocr_line' id='line_1_9' title="bbox 195 732 2393 799; baseline -0 -14"><span class='ocrx_word' id='word_1_49' title='bbox 195 732 364 785; x_wconf 93' lang='lat' dir='ltr'>nulla</span> <span class='ocrx_word' id='word_1_50' title='bbox 380 732 567 785; x_wconf 80' lang='lat' dir='ltr'>statim</span> <span class='ocrx_word' id='word_1_51' title='bbox 585 732 941 785; x_wconf 79' lang='lat' dir='ltr'>succurreret</span> <span class='ocrx_word' id='word_1_52' title='bbox 961 732 1048 796; x_wconf 86' lang='lat' dir='ltr'>(ut</span> <span class='ocrx_word' id='word_1_53' title='bbox 1068 732 1210 796; x_wconf 85' lang='lat' dir='ltr'><strong>dixi)</strong></span> <span class='ocrx_word' id='word_1_54' title='bbox 1232 732 1643 799; x_wconf 80' lang='lat' dir='ltr'>hypothesium</span> <span class='ocrx_word' id='word_1_55' title='bbox 1662 734 1985 793; x_wconf 91' lang='lat' dir='ltr'>innovati0,</span> <span class='ocrx_word' id='word_1_56' title='bbox 2007 748 2143 797; x_wconf 83' lang='lat' dir='ltr'>quae</span> <span class='ocrx_word' id='word_1_57' title='bbox 2160 732 2253 784; x_wconf 92' lang='lat' dir='ltr'>his</span> <span class='ocrx_word' id='word_1_58' title='bbox 2271 747 2393 784; x_wconf 94' lang='lat' dir='ltr'>om-</span> 
     </span>
    </p>
   </div>
   <div class='ocr_carea' id='block_1_6' title="bbox 159 799 2394 872">
    <p class='ocr_par' dir='ltr' id='par_1_6' title="bbox 159 799 2394 872">
     <span class='ocr_line' id='line_1_10' title="bbox 159 799 2394 872; baseline 0 -16"><span class='ocrx_word' id='word_1_59' title='bbox 159 803 369 856; x_wconf 82' lang='lat' dir='ltr'>vnibus</span> <span class='ocrx_word' id='word_1_60' title='bbox 401 806 827 869; x_wconf 86' lang='lat' dir='ltr'>convenientijs</span> <span class='ocrx_word' id='word_1_61' title='bbox 857 803 1203 865; x_wconf 91' lang='lat' dir='ltr'>subveniret,</span> <span class='ocrx_word' id='word_1_62' title='bbox 1237 803 1502 856; x_wconf 85' lang='lat' dir='ltr'>constitui</span> <span class='ocrx_word' id='word_1_63' title='bbox 1537 799 1558 872; x_wconf 91' lang='grc' dir='ltr'>ΙΙ</span> <span class='ocrx_word' id='word_1_64' title='bbox 1592 803 1922 869; x_wconf 89' lang='lat' dir='ltr'>periculum</span> <span class='ocrx_word' id='word_1_65' title='bbox 1952 803 2155 856; x_wconf 93' lang='lat' dir='ltr'>saltem</span> <span class='ocrx_word' id='word_1_66' title='bbox 2184 803 2394 863; x_wconf 86' lang='lat' dir='ltr'>facere,</span> 
     </span>
    </p>
   </div>
   <div class='ocr_carea' id='block_1_7' title="bbox 191 873 2396 1869">
    <p class='ocr_par' dir='ltr' id='par_1_7' title="bbox 191 873 2396 1869">
     <span class='ocr_line' id='line_1_11' title="bbox 195 873 2394 940; baseline 0 -13"><span class='ocrx_word' id='word_1_67' title='bbox 195 890 477 940; x_wconf 85' lang='lat' dir='ltr'>quaenam</span> <span class='ocrx_word' id='word_1_68' title='bbox 502 890 726 936; x_wconf 89' lang='lat' dir='ltr'>earum,</span> <span class='ocrx_word' id='word_1_69' title='bbox 754 890 889 940; x_wconf 89' lang='lat' dir='ltr'>quae</span> <span class='ocrx_word' id='word_1_70' title='bbox 916 873 1200 928; x_wconf 64' lang='lat' dir='ltr'>hae-&#39;tenus</span> <span class='ocrx_word' id='word_1_71' title='bbox 1226 877 1482 927; x_wconf 86' lang='lat' dir='ltr'>inventae</span> <span class='ocrx_word' id='word_1_72' title='bbox 1509 881 1691 936; x_wconf 90' lang='lat' dir='ltr'>erant,</span> <span class='ocrx_word' id='word_1_73' title='bbox 1717 877 1946 927; x_wconf 92' lang='lat' dir='ltr'>veritati</span> <span class='ocrx_word' id='word_1_74' title='bbox 1968 877 2212 940; x_wconf 90' lang='lat' dir='ltr'>propius</span> <span class='ocrx_word' id='word_1_75' title='bbox 2235 890 2394 927; x_wconf 91' lang='lat' dir='ltr'>acce-</span> 
     </span>
     <span class='ocr_line' id='line_1_12' title="bbox 194 945 2394 1012; baseline 0 -14"><span class='ocrx_word' id='word_1_76' title='bbox 194 946 370 999; x_wconf 88' lang='lat' dir='ltr'>deret.</span> <span class='ocrx_word' id='word_1_77' title='bbox 392 946 576 1011; x_wconf 92' lang='lat' dir='ltr'>quue</span> <span class='ocrx_word' id='word_1_78' title='bbox 592 961 697 1011; x_wconf 91' lang='lat' dir='ltr'>per</span> <span class='ocrx_word' id='word_1_79' title='bbox 714 946 927 999; x_wconf 91' lang='lat' dir='ltr'>Martis</span> <span class='ocrx_word' id='word_1_80' title='bbox 945 947 1294 1011; x_wconf 88' lang='lat' dir='ltr'>potissimum</span> <span class='ocrx_word' id='word_1_81' title='bbox 1313 946 1535 999; x_wconf 85' lang='lat' dir='ltr'>stellam</span> <span class='ocrx_word' id='word_1_82' title='bbox 1553 962 1650 998; x_wconf 91' lang='lat' dir='ltr'>me</span> <span class='ocrx_word' id='word_1_83' title='bbox 1671 946 1951 1012; x_wconf 85' lang='lat' dir='ltr'>expiscari</span> <span class='ocrx_word' id='word_1_84' title='bbox 1969 947 2119 1011; x_wconf 88' lang='lat' dir='ltr'>posse</span> <span class='ocrx_word' id='word_1_85' title='bbox 2139 945 2394 999; x_wconf 88' lang='lat' dir='ltr'>confide-</span> 
     </span>
     <span class='ocr_line' id='line_1_13' title="bbox 193 1016 2396 1084; baseline -0.001 -13"><span class='ocrx_word' id='word_1_86' title='bbox 193 1018 348 1079; x_wconf 91' lang='lat' dir='ltr'>bam,</span> <span class='ocrx_word' id='word_1_87' title='bbox 370 1017 611 1083; x_wconf 93' lang='lat' dir='ltr'>quando</span> <span class='ocrx_word' id='word_1_88' title='bbox 631 1019 915 1070; x_wconf 90' lang='lat' dir='ltr'>nimirum</span> <span class='ocrx_word' id='word_1_89' title='bbox 935 1033 1008 1071; x_wconf 91' lang='lat' dir='ltr'>ea</span> <span class='ocrx_word' id='word_1_90' title='bbox 1026 1017 1384 1084; x_wconf 90' lang='lat' dir='ltr'>acronychia</span> <span class='ocrx_word' id='word_1_91' title='bbox 1402 1017 1602 1070; x_wconf 87' lang='lat' dir='ltr'>Terrae</span> <span class='ocrx_word' id='word_1_92' title='bbox 1622 1020 2144 1083; x_wconf 90' lang='lat' dir='ltr'>appropinquaret;</span> <span class='ocrx_word' id='word_1_93' title='bbox 2170 1016 2212 1069; x_wconf 85' lang='lat' dir='ltr'>fi</span> <span class='ocrx_word' id='word_1_94' title='bbox 2234 1020 2396 1070; x_wconf 90' lang='lat' dir='ltr'>enim</span> 
     </span>
     <span class='ocr_line' id='line_1_14' title="bbox 196 1087 2394 1154; baseline -0 -13"><span class='ocrx_word' id='word_1_95' title='bbox 196 1095 336 1142; x_wconf 93' lang='lat' dir='ltr'>tunc</span> <span class='ocrx_word' id='word_1_96' title='bbox 362 1089 533 1141; x_wconf 92' lang='lat' dir='ltr'>nobis</span> <span class='ocrx_word' id='word_1_97' title='bbox 558 1091 802 1154; x_wconf 90' lang='lat' dir='ltr'>propius</span> <span class='ocrx_word' id='word_1_98' title='bbox 828 1088 1144 1150; x_wconf 90' lang='lat' dir='ltr'>accederet,</span> <span class='ocrx_word' id='word_1_99' title='bbox 1171 1104 1354 1154; x_wconf 90' lang='lat' dir='ltr'>quam</span> <span class='ocrx_word' id='word_1_100' title='bbox 1379 1088 1496 1154; x_wconf 89' lang='lat' dir='ltr'>ipse</span> <span class='ocrx_word' id='word_1_101' title='bbox 1524 1088 1641 1151; x_wconf 95' lang='lat' dir='ltr'>Sol,</span> <span class='ocrx_word' id='word_1_102' title='bbox 1669 1088 2114 1154; x_wconf 90' lang='lat' dir='ltr'>Copernianam</span> <span class='ocrx_word' id='word_1_103' title='bbox 2138 1087 2394 1154; x_wconf 92' lang='lat' dir='ltr'>specula-</span> 
     </span>
     <span class='ocr_line' id='line_1_15' title="bbox 196 1159 2394 1226; baseline 0 -14"><span class='ocrx_word' id='word_1_104' title='bbox 196 1163 421 1213; x_wconf 87' lang='lat' dir='ltr'>tionem</span> <span class='ocrx_word' id='word_1_105' title='bbox 438 1160 779 1226; x_wconf 85' lang='lat' dir='ltr'>praevalere‚</span> <span class='ocrx_word' id='word_1_106' title='bbox 800 1160 885 1212; x_wconf 93' lang='lat' dir='ltr'>sin</span> <span class='ocrx_word' id='word_1_107' title='bbox 902 1163 1118 1221; x_wconf 83' lang='lat' dir='ltr'>minuS,</span> <span class='ocrx_word' id='word_1_108' title='bbox 1139 1167 1265 1212; x_wconf 91' lang='lat' dir='ltr'>tum</span> <span class='ocrx_word' id='word_1_109' title='bbox 1279 1160 1636 1212; x_wconf 90' lang='lat' dir='ltr'>Ptolemaica</span> <span class='ocrx_word' id='word_1_110' title='bbox 1654 1163 1848 1225; x_wconf 92' lang='lat' dir='ltr'>potius</span> <span class='ocrx_word' id='word_1_111' title='bbox 1866 1159 2135 1213; x_wconf 88' lang='lat' dir='ltr'>standum</span> <span class='ocrx_word' id='word_1_112' title='bbox 2155 1159 2394 1213; x_wconf 91' lang='lat' dir='ltr'>arbitra-</span> 
     </span>
     <span class='ocr_line' id='line_1_16' title="bbox 196 1230 2394 1297; baseline -0 -13"><span class='ocrx_word' id='word_1_113' title='bbox 196 1231 318 1285; x_wconf 91' lang='lat' dir='ltr'>bar.</span> <span class='ocrx_word' id='word_1_114' title='bbox 334 1231 723 1297; x_wconf 91' lang='lat' dir='ltr'>Tandemque</span> <span class='ocrx_word' id='word_1_115' title='bbox 742 1247 961 1297; x_wconf 90' lang='lat' dir='ltr'>magna</span> <span class='ocrx_word' id='word_1_116' title='bbox 979 1231 1294 1297; x_wconf 88' lang='lat' dir='ltr'>diligentia,</span> <span class='ocrx_word' id='word_1_117' title='bbox 1314 1247 1424 1284; x_wconf 92' lang='lat' dir='ltr'>nec</span> <span class='ocrx_word' id='word_1_118' title='bbox 1442 1234 1640 1296; x_wconf 90' lang='lat' dir='ltr'>parvis</span> <span class='ocrx_word' id='word_1_119' title='bbox 1652 1231 1934 1284; x_wconf 90' lang='lat' dir='ltr'>sumtibus</span> <span class='ocrx_word' id='word_1_120' title='bbox 1949 1230 2282 1296; x_wconf 82' lang='lat' dir='ltr'>conquisitis</span> <span class='ocrx_word' id='word_1_121' title='bbox 2295 1246 2394 1283; x_wconf 90' lang='lat' dir='ltr'>va-</span> 
     </span>
     <span class='ocr_line' id='line_1_17' title="bbox 197 1301 2396 1369; baseline -0 -14"><span class='ocrx_word' id='word_1_122' title='bbox 197 1305 299 1368; x_wconf 88' lang='lat' dir='ltr'>rijs</span> <span class='ocrx_word' id='word_1_123' title='bbox 312 1305 548 1369; x_wconf 87' lang='lat' dir='ltr'>organis</span> <span class='ocrx_word' id='word_1_124' title='bbox 561 1303 996 1363; x_wconf 81' lang='lat' dir='ltr'>AstronomiciS,</span> <span class='ocrx_word' id='word_1_125' title='bbox 1012 1303 1226 1368; x_wconf 91' lang='lat' dir='ltr'>quibus</span> <span class='ocrx_word' id='word_1_126' title='bbox 1238 1302 1490 1355; x_wconf 91' lang='lat' dir='ltr'>siderum</span> <span class='ocrx_word' id='word_1_127' title='bbox 1503 1308 1700 1354; x_wconf 91' lang='lat' dir='ltr'>motus</span> <span class='ocrx_word' id='word_1_128' title='bbox 1714 1302 2044 1354; x_wconf 89' lang='lat' dir='ltr'>centraliter</span> <span class='ocrx_word' id='word_1_129' title='bbox 2057 1317 2181 1354; x_wconf 92' lang='lat' dir='ltr'>non</span> <span class='ocrx_word' id='word_1_130' title='bbox 2194 1301 2396 1355; x_wconf 92' lang='lat' dir='ltr'>saltem</span> 
     </span>
     <span class='ocr_line' id='line_1_18' title="bbox 197 1373 2395 1440; baseline -0.001 -13"><span class='ocrx_word' id='word_1_131' title='bbox 197 1376 261 1426; x_wconf 94' lang='lat' dir='ltr'>in</span> <span class='ocrx_word' id='word_1_132' title='bbox 284 1374 408 1440; x_wconf 90' lang='lat' dir='ltr'>ipso</span> <span class='ocrx_word' id='word_1_133' title='bbox 433 1374 721 1440; x_wconf 93' lang='lat' dir='ltr'>scrupu10,</span> <span class='ocrx_word' id='word_1_134' title='bbox 748 1374 844 1427; x_wconf 92' lang='lat' dir='ltr'>sed</span> <span class='ocrx_word' id='word_1_135' title='bbox 870 1377 1049 1426; x_wconf 89' lang='lat' dir='ltr'>etiam</span> <span class='ocrx_word' id='word_1_136' title='bbox 1073 1376 1136 1426; x_wconf 94' lang='lat' dir='ltr'>in</span> <span class='ocrx_word' id='word_1_137' title='bbox 1162 1376 1290 1426; x_wconf 90' lang='lat' dir='ltr'>eius</span> <span class='ocrx_word' id='word_1_138' title='bbox 1310 1373 1556 1427; x_wconf 92' lang='lat' dir='ltr'>dimidia</span> <span class='ocrx_word' id='word_1_139' title='bbox 1572 1373 1669 1426; x_wconf 90' lang='lat' dir='ltr'>vel</span> <span class='ocrx_word' id='word_1_140' title='bbox 1688 1380 1898 1438; x_wconf 90' lang='lat' dir='ltr'>quarta</span> <span class='ocrx_word' id='word_1_141' title='bbox 1916 1379 2080 1438; x_wconf 88' lang='lat' dir='ltr'>parte</span> <span class='ocrx_word' id='word_1_142' title='bbox 2101 1373 2395 1439; x_wconf 86' lang='lat' dir='ltr'>explorari</span> 
     </span>
     <span class='ocr_line' id='line_1_19' title="bbox 194 1444 2394 1511; baseline -0.001 -13"><span class='ocrx_word' id='word_1_143' title='bbox 194 1452 351 1499; x_wconf 88' lang='lat' dir='ltr'>certo</span> <span class='ocrx_word' id='word_1_144' title='bbox 370 1446 602 1511; x_wconf 87' lang='lat' dir='ltr'>possent,</span> <span class='ocrx_word' id='word_1_145' title='bbox 625 1445 782 1498; x_wconf 91' lang='lat' dir='ltr'>hanc</span> <span class='ocrx_word' id='word_1_146' title='bbox 801 1444 1068 1498; x_wconf 92' lang='lat' dir='ltr'>subtilem</span> <span class='ocrx_word' id='word_1_147' title='bbox 1088 1444 1614 1498; x_wconf 85' lang='lat' dir='ltr'>considerationem</span> <span class='ocrx_word' id='word_1_148' title='bbox 1633 1445 1867 1510; x_wconf 89' lang='lat' dir='ltr'>aggredi</span> <span class='ocrx_word' id='word_1_149' title='bbox 1886 1460 2012 1497; x_wconf 94' lang='lat' dir='ltr'>non</span> <span class='ocrx_word' id='word_1_150' title='bbox 2029 1445 2291 1506; x_wconf 90' lang='lat' dir='ltr'>verebar,</span> <span class='ocrx_word' id='word_1_151' title='bbox 2312 1444 2394 1497; x_wconf 89' lang='lat' dir='ltr'>id-</span> 
     </span>
     <span class='ocr_line' id='line_1_20' title="bbox 193 1513 2396 1583; baseline -0.001 -14"><span class='ocrx_word' id='word_1_152' title='bbox 193 1532 310 1583; x_wconf 91' lang='lat' dir='ltr'>que</span> <span class='ocrx_word' id='word_1_153' title='bbox 329 1518 678 1582; x_wconf 87' lang='lat' dir='ltr'>potissimum</span> <span class='ocrx_word' id='word_1_154' title='bbox 698 1532 861 1569; x_wconf 92' lang='lat' dir='ltr'>anno</span> <span class='ocrx_word' id='word_1_155' title='bbox 881 1517 1027 1578; x_wconf 88' lang='lat'>1582,</span> <span class='ocrx_word' id='word_1_156' title='bbox 1054 1532 1191 1569; x_wconf 93' lang='lat' dir='ltr'>cum</span> <span class='ocrx_word' id='word_1_157' title='bbox 1211 1516 1380 1569; x_wconf 92' lang='lat' dir='ltr'>Mars</span> <span class='ocrx_word' id='word_1_158' title='bbox 1402 1531 1630 1582; x_wconf 86' lang='lat' dir='ltr'>pernox</span> <span class='ocrx_word' id='word_1_159' title='bbox 1650 1515 1773 1569; x_wconf 93' lang='lat' dir='ltr'>Soli</span> <span class='ocrx_word' id='word_1_160' title='bbox 1791 1513 1978 1568; x_wconf 61' lang='lat' dir='ltr'>sacius</span> <span class='ocrx_word' id='word_1_161' title='bbox 1999 1522 2396 1581; x_wconf 90' lang='lat' dir='ltr'>opponeretur</span> 
     </span>
     <span class='ocr_line' id='line_1_21' title="bbox 192 1586 2395 1654; baseline -0.001 -14"><span class='ocrx_word' id='word_1_162' title='bbox 192 1591 255 1640; x_wconf 92' lang='lat' dir='ltr'>in</span> <span class='ocrx_word' id='word_1_163' title='bbox 284 1588 536 1649; x_wconf 93' lang='lat' dir='ltr'>Cancro,</span> <span class='ocrx_word' id='word_1_164' title='bbox 568 1594 624 1641; x_wconf 90' lang='lat' dir='ltr'>et</span> <span class='ocrx_word' id='word_1_165' title='bbox 650 1588 885 1654; x_wconf 91' lang='lat' dir='ltr'>insuper</span> <span class='ocrx_word' id='word_1_166' title='bbox 912 1603 1017 1653; x_wconf 89' lang='lat' dir='ltr'>per</span> <span class='ocrx_word' id='word_1_167' title='bbox 1044 1587 1291 1640; x_wconf 92' lang='lat' dir='ltr'>boream</span> <span class='ocrx_word' id='word_1_168' title='bbox 1318 1588 1691 1641; x_wconf 90' lang='lat' dir='ltr'>latitudinem</span> <span class='ocrx_word' id='word_1_169' title='bbox 1718 1587 2020 1640; x_wconf 91' lang='lat' dir='ltr'>sublimior</span> <span class='ocrx_word' id='word_1_170' title='bbox 2048 1586 2395 1652; x_wconf 90' lang='lat' dir='ltr'>quotidiano</span> 
     </span>
     <span class='ocr_line' id='line_1_22' title="bbox 193 1658 2394 1725; baseline -0.001 -13"><span class='ocrx_word' id='word_1_171' title='bbox 193 1662 438 1712; x_wconf 92' lang='lat' dir='ltr'>circuitu</span> <span class='ocrx_word' id='word_1_172' title='bbox 469 1659 823 1712; x_wconf 89' lang='lat' dir='ltr'>redderetur.</span> <span class='ocrx_word' id='word_1_173' title='bbox 857 1659 1095 1712; x_wconf 91' lang='lat' dir='ltr'>Habitis</span> <span class='ocrx_word' id='word_1_174' title='bbox 1125 1662 1326 1725; x_wconf 91' lang='lat' dir='ltr'>itaque</span> <span class='ocrx_word' id='word_1_175' title='bbox 1356 1666 1484 1712; x_wconf 91' lang='lat' dir='ltr'>tum</span> <span class='ocrx_word' id='word_1_176' title='bbox 1514 1659 1782 1725; x_wconf 90' lang='lat' dir='ltr'>pluribus</span> <span class='ocrx_word' id='word_1_177' title='bbox 1813 1661 2101 1712; x_wconf 89' lang='lat' dir='ltr'>accuratis</span> <span class='ocrx_word' id='word_1_178' title='bbox 2130 1658 2394 1711; x_wconf 92' lang='lat' dir='ltr'>observa-</span> 
     </span>
     <span class='ocr_line' id='line_1_23' title="bbox 191 1729 2396 1796; baseline -0 -13"><span class='ocrx_word' id='word_1_179' title='bbox 191 1730 451 1784; x_wconf 90' lang='lat' dir='ltr'>tionibus</span> <span class='ocrx_word' id='word_1_180' title='bbox 481 1738 604 1784; x_wconf 91' lang='lat' dir='ltr'>tam</span> <span class='ocrx_word' id='word_1_181' title='bbox 636 1733 790 1784; x_wconf 88' lang='lat' dir='ltr'>circa</span> <span class='ocrx_word' id='word_1_182' title='bbox 822 1737 1018 1783; x_wconf 90' lang='lat' dir='ltr'>ortum</span> <span class='ocrx_word' id='word_1_183' title='bbox 1050 1746 1232 1796; x_wconf 92' lang='lat' dir='ltr'>quam</span> <span class='ocrx_word' id='word_1_184' title='bbox 1264 1730 1550 1792; x_wconf 90' lang='lat' dir='ltr'>occasum,</span> <span class='ocrx_word' id='word_1_185' title='bbox 1590 1729 1829 1795; x_wconf 88' lang='lat' dir='ltr'>eiusque</span> <span class='ocrx_word' id='word_1_186' title='bbox 1863 1745 1968 1796; x_wconf 93' lang='lat' dir='ltr'>per</span> <span class='ocrx_word' id='word_1_187' title='bbox 1998 1730 2396 1783; x_wconf 91' lang='lat' dir='ltr'>meridianum</span> 
     </span>
     <span class='ocr_line' id='line_1_24' title="bbox 192 1796 2396 1869; baseline -0.001 -14"><span class='ocrx_word' id='word_1_188' title='bbox 192 1801 511 1863; x_wconf 90' lang='lat' dir='ltr'>transitum,</span> <span class='ocrx_word' id='word_1_189' title='bbox 530 1802 892 1868; x_wconf 89' lang='lat' dir='ltr'>deprehendi</span> <span class='ocrx_word' id='word_1_190' title='bbox 907 1802 1166 1855; x_wconf 91' lang='lat' dir='ltr'>Martem</span> <span class='ocrx_word' id='word_1_191' title='bbox 1179 1805 1471 1855; x_wconf 91' lang='lat' dir='ltr'>maiorem</span> <span class='ocrx_word' id='word_1_192' title='bbox 1489 1801 1714 1855; x_wconf 90' lang='lat' dir='ltr'>causari</span> <span class='ocrx_word' id='word_1_193' title='bbox 1732 1801 2066 1867; x_wconf 87' lang='lat' dir='ltr'>parallaxin</span> <span class='ocrx_word' id='word_1_194' title='bbox 2086 1816 2268 1866; x_wconf 90' lang='lat' dir='ltr'>quam</span> <span class='ocrx_word' id='word_1_195' title='bbox 2287 1796 2396 1869; x_wconf 64' lang='grc' dir='ltr'><strong>111-ΙΙ</strong></span> 
     </span>
    </p>
   </div>
   <div class='ocr_carea' id='block_1_8' title="bbox 156 1871 2394 1940">
    <p class='ocr_par' dir='ltr' id='par_1_8' title="bbox 156 1871 2394 1940">
     <span class='ocr_line' id='line_1_25' title="bbox 156 1871 2394 1940; baseline -0.001 -14"><span class='ocrx_word' id='word_1_196' title='bbox 156 1893 173 1911; x_wconf 76' lang='lat' dir='ltr'>r</span> <span class='ocrx_word' id='word_1_197' title='bbox 191 1873 319 1927; x_wconf 93' lang='lat' dir='ltr'>sum</span> <span class='ocrx_word' id='word_1_198' title='bbox 332 1873 548 1936; x_wconf 90' lang='lat' dir='ltr'>Solem,</span> <span class='ocrx_word' id='word_1_199' title='bbox 569 1874 822 1939; x_wconf 90' lang='lat' dir='ltr'>ideoque</span> <span class='ocrx_word' id='word_1_200' title='bbox 841 1876 1020 1926; x_wconf 89' lang='lat' dir='ltr'>etiam</span> <span class='ocrx_word' id='word_1_201' title='bbox 1035 1877 1203 1926; x_wconf 90' lang='lat' dir='ltr'>terris</span> <span class='ocrx_word' id='word_1_202' title='bbox 1221 1876 1724 1940; x_wconf 90' lang='lat' dir='ltr'>propinquiorem,</span> <span class='ocrx_word' id='word_1_203' title='bbox 1746 1888 1883 1925; x_wconf 92' lang='grc'><strong>011111</strong></span> <span class='ocrx_word' id='word_1_204' title='bbox 1896 1872 2288 1939; x_wconf 91' lang='lat' dir='ltr'>acronychius</span> <span class='ocrx_word' id='word_1_205' title='bbox 2303 1871 2394 1933; x_wconf 84' lang='lat' dir='ltr'>est,</span> 
     </span>
    </p>
   </div>
   <div class='ocr_carea' id='block_1_9' title="bbox 190 1943 2394 2796">
    <p class='ocr_par' dir='ltr' id='par_1_9' title="bbox 190 1943 2394 2796">
     <span class='ocr_line' id='line_1_26' title="bbox 192 1943 2394 2011; baseline -0.001 -13"><span class='ocrx_word' id='word_1_206' title='bbox 192 1944 337 2007; x_wconf 89' lang='lat' dir='ltr'>fieri,</span> <span class='ocrx_word' id='word_1_207' title='bbox 358 1945 704 2010; x_wconf 86' lang='lat' dir='ltr'>astipulante</span> <span class='ocrx_word' id='word_1_208' title='bbox 723 1947 848 1998; x_wconf 76' lang='lat' dir='ltr'>una</span> <span class='ocrx_word' id='word_1_209' title='bbox 866 1952 1034 1998; x_wconf 91' lang='lat' dir='ltr'>motu</span> <span class='ocrx_word' id='word_1_210' title='bbox 1053 1945 1229 2011; x_wconf 86' lang='lat' dir='ltr'>ipsius</span> <span class='ocrx_word' id='word_1_211' title='bbox 1249 1945 1480 2006; x_wconf 82' lang='lat' dir='ltr'>diurne,</span> <span class='ocrx_word' id='word_1_212' title='bbox 1503 1960 1639 1998; x_wconf 91' lang='lat' dir='ltr'>cum</span> <span class='ocrx_word' id='word_1_213' title='bbox 1660 1943 2053 2010; x_wconf 92' lang='lat' dir='ltr'>Copernianis</span> <span class='ocrx_word' id='word_1_214' title='bbox 2072 1946 2267 2009; x_wconf 92' lang='lat' dir='ltr'>potius</span> <span class='ocrx_word' id='word_1_215' title='bbox 2287 1959 2394 1996; x_wconf 93' lang='lat' dir='ltr'>nu-</span> 
     </span>
     <span class='ocr_line' id='line_1_27' title="bbox 192 2014 2394 2082; baseline -0.001 -13"><span class='ocrx_word' id='word_1_216' title='bbox 192 2019 370 2069; x_wconf 91' lang='lat' dir='ltr'>meris</span> <span class='ocrx_word' id='word_1_217' title='bbox 391 2016 800 2078; x_wconf 88' lang='lat' dir='ltr'>consentiente,</span> <span class='ocrx_word' id='word_1_218' title='bbox 829 2033 900 2069; x_wconf 92' lang='lat' dir='ltr'>eo</span> <span class='ocrx_word' id='word_1_219' title='bbox 921 2017 1082 2082; x_wconf 94' lang='lat' dir='ltr'>quod</span> <span class='ocrx_word' id='word_1_220' title='bbox 1101 2016 1284 2082; x_wconf 93' lang='lat' dir='ltr'>paulo</span> <span class='ocrx_word' id='word_1_221' title='bbox 1305 2016 1552 2070; x_wconf 91' lang='lat' dir='ltr'>celerius</span> <span class='ocrx_word' id='word_1_222' title='bbox 1572 2022 1728 2069; x_wconf 92' lang='lat' dir='ltr'>certo</span> <span class='ocrx_word' id='word_1_223' title='bbox 1749 2016 1980 2068; x_wconf 92' lang='lat' dir='ltr'>dierum</span> <span class='ocrx_word' id='word_1_224' title='bbox 1998 2014 2310 2068; x_wconf 88' lang='lat' dir='ltr'>intervallo</span> <span class='ocrx_word' id='word_1_225' title='bbox 2330 2017 2394 2066; x_wconf 96' lang='lat' dir='ltr'>in</span> 
     </span>
     <span class='ocr_line' id='line_1_28' title="bbox 192 2085 2392 2154; baseline -0.001 -13"><span class='ocrx_word' id='word_1_226' title='bbox 192 2088 598 2142; x_wconf 89' lang='lat' dir='ltr'>antecedentia</span> <span class='ocrx_word' id='word_1_227' title='bbox 617 2089 939 2154; x_wconf 88' lang='lat' dir='ltr'>repedaret,</span> <span class='ocrx_word' id='word_1_228' title='bbox 961 2104 1144 2153; x_wconf 93' lang='lat' dir='ltr'>quam</span> <span class='ocrx_word' id='word_1_229' title='bbox 1162 2087 1671 2153; x_wconf 90' lang='lat' dir='ltr'>Alphonsinorum</span> <span class='ocrx_word' id='word_1_230' title='bbox 1691 2086 2034 2139; x_wconf 90' lang='lat' dir='ltr'>concederet</span> <span class='ocrx_word' id='word_1_231' title='bbox 2053 2102 2091 2139; x_wconf 91' lang='lat' dir='ltr'>a</span> <span class='ocrx_word' id='word_1_232' title='bbox 2109 2086 2205 2138; x_wconf 91' lang='lat' dir='ltr'>PT</span> <span class='ocrx_word' id='word_1_233' title='bbox 2207 2085 2392 2139; x_wconf 92' lang='lat' dir='ltr'><strong>OLO·</strong></span> 
     </span>
     <span class='ocr_line' id='line_1_29' title="bbox 193 2157 2391 2224; baseline -0.001 -12"><span class='ocrx_word' id='word_1_234' title='bbox 193 2159 399 2213; x_wconf 92' lang='lat' dir='ltr'>MAEO</span> <span class='ocrx_word' id='word_1_235' title='bbox 414 2158 663 2213; x_wconf 77' lang='lat' dir='ltr'>deduc&#39;ta</span> <span class='ocrx_word' id='word_1_236' title='bbox 676 2162 1063 2220; x_wconf 84' lang='lat' dir='ltr'>ratiocinatiO,</span> <span class='ocrx_word' id='word_1_237' title='bbox 1077 2159 1256 2224; x_wconf 89' lang='lat' dir='ltr'>idque</span> <span class='ocrx_word' id='word_1_238' title='bbox 1271 2159 1346 2211; x_wconf 97' lang='lat' dir='ltr'>ob</span> <span class='ocrx_word' id='word_1_239' title='bbox 1359 2161 1655 2211; x_wconf 90' lang='lat' dir='ltr'>minorem</span> <span class='ocrx_word' id='word_1_240' title='bbox 1668 2173 1706 2211; x_wconf 91' lang='lat' dir='ltr'>a</span> <span class='ocrx_word' id='word_1_241' title='bbox 1717 2160 1885 2210; x_wconf 91' lang='lat' dir='ltr'>terris</span> <span class='ocrx_word' id='word_1_242' title='bbox 1899 2157 2243 2218; x_wconf 83' lang='lat' dir='ltr'>distantiam,</span> <span class='ocrx_word' id='word_1_243' title='bbox 2256 2173 2391 2222; x_wconf 85' lang='lat' dir='ltr'>quae</span> 
     </span>
     <span class='ocr_line' id='line_1_30' title="bbox 192 2227 2391 2296; baseline -0.001 -12"><span class='ocrx_word' id='word_1_244' title='bbox 192 2237 422 2284; x_wconf 89' lang='lat' dir='ltr'>motum</span> <span class='ocrx_word' id='word_1_245' title='bbox 449 2231 632 2296; x_wconf 93' lang='lat' dir='ltr'>paulo</span> <span class='ocrx_word' id='word_1_246' title='bbox 660 2234 1036 2284; x_wconf 89' lang='lat' dir='ltr'>intentiorem</span> <span class='ocrx_word' id='word_1_247' title='bbox 1065 2246 1351 2296; x_wconf 90' lang='lat' dir='ltr'>apparere</span> <span class='ocrx_word' id='word_1_248' title='bbox 1382 2229 1684 2283; x_wconf 87' lang='lat' dir='ltr'>efficiebat.</span> <span class='ocrx_word' id='word_1_249' title='bbox 1715 2229 1780 2282; x_wconf 93' lang='lat' dir='ltr'>Id</span> <span class='ocrx_word' id='word_1_250' title='bbox 1809 2244 1997 2295; x_wconf 92' lang='lat' dir='ltr'>quum</span> <span class='ocrx_word' id='word_1_251' title='bbox 2027 2227 2133 2294; x_wconf 92' lang='lat' dir='ltr'>[in]</span> <span class='ocrx_word' id='word_1_252' title='bbox 2172 2233 2221 2288; x_wconf 73' lang='lat' dir='ltr'>d*</span> <span class='ocrx_word' id='word_1_253' title='bbox 2258 2228 2391 2282; x_wconf 90' lang='lat' dir='ltr'>satis</span> 
     </span>
     <span class='ocr_line' id='line_1_31' title="bbox 193 2300 2391 2368; baseline -0.001 -13"><span class='ocrx_word' id='word_1_254' title='bbox 193 2302 564 2368; x_wconf 89' lang='lat' dir='ltr'>exploratum</span> <span class='ocrx_word' id='word_1_255' title='bbox 583 2301 883 2363; x_wconf 89' lang='lat' dir='ltr'>haberem,</span> <span class='ocrx_word' id='word_1_256' title='bbox 911 2308 965 2354; x_wconf 90' lang='lat' dir='ltr'>et</span> <span class='ocrx_word' id='word_1_257' title='bbox 984 2302 1142 2355; x_wconf 89' lang='lat' dir='ltr'>idem</span> <span class='ocrx_word' id='word_1_258' title='bbox 1162 2304 1341 2354; x_wconf 91' lang='lat' dir='ltr'>etiam</span> <span class='ocrx_word' id='word_1_259' title='bbox 1360 2304 1424 2354; x_wconf 93' lang='lat' dir='ltr'>in</span> <span class='ocrx_word' id='word_1_260' title='bbox 1450 2306 1487 2362; x_wconf 77' lang='grc' dir='ltr'>ῼ</span> <span class='ocrx_word' id='word_1_261' title='bbox 1514 2301 1826 2366; x_wconf 90' lang='lat' dir='ltr'>aliquoties</span> <span class='ocrx_word' id='word_1_262' title='bbox 1846 2316 1884 2353; x_wconf 92' lang='lat' dir='ltr'>a</span> <span class='ocrx_word' id='word_1_263' title='bbox 1901 2316 1998 2353; x_wconf 91' lang='lat' dir='ltr'>me</span> <span class='ocrx_word' id='word_1_264' title='bbox 2018 2300 2273 2353; x_wconf 89' lang='lat' dir='ltr'>interdiu</span> <span class='ocrx_word' id='word_1_265' title='bbox 2292 2300 2391 2353; x_wconf 93' lang='lat' dir='ltr'>ad-</span> 
     </span>
     <span class='ocr_line' id='line_1_32' title="bbox 193 2369 2390 2439; baseline -0.001 -13"><span class='ocrx_word' id='word_1_266' title='bbox 193 2389 384 2439; x_wconf 92' lang='lat' dir='ltr'>eoque</span> <span class='ocrx_word' id='word_1_267' title='bbox 409 2376 473 2425; x_wconf 95' lang='lat' dir='ltr'>in</span> <span class='ocrx_word' id='word_1_268' title='bbox 498 2373 620 2438; x_wconf 93' lang='lat' dir='ltr'>ipso</span> <span class='ocrx_word' id='word_1_269' title='bbox 646 2373 976 2426; x_wconf 92' lang='lat' dir='ltr'>meridiano</span> <span class='ocrx_word' id='word_1_270' title='bbox 998 2372 1301 2426; x_wconf 89' lang='lat' dir='ltr'>observata</span> <span class='ocrx_word' id='word_1_271' title='bbox 1326 2379 1382 2425; x_wconf 89' lang='lat' dir='ltr'>et</span> <span class='ocrx_word' id='word_1_272' title='bbox 1406 2375 1571 2426; x_wconf 85' lang='lat' dir='ltr'>iuxta</span> <span class='ocrx_word' id='word_1_273' title='bbox 1591 2372 1860 2425; x_wconf 89' lang='lat' dir='ltr'>occasum</span> <span class='ocrx_word' id='word_1_274' title='bbox 1881 2372 2196 2425; x_wconf 90' lang='lat' dir='ltr'>collatione</span> <span class='ocrx_word' id='word_1_275' title='bbox 2221 2369 2390 2433; x_wconf 69' lang='lat' dir='ltr'>facta,</span> 
     </span>
     <span class='ocr_line' id='line_1_33' title="bbox 191 2442 2390 2509; baseline -0.001 -12"><span class='ocrx_word' id='word_1_276' title='bbox 191 2448 314 2497; x_wconf 94' lang='lat' dir='ltr'>imo</span> <span class='ocrx_word' id='word_1_277' title='bbox 341 2451 397 2497; x_wconf 91' lang='lat' dir='ltr'>et</span> <span class='ocrx_word' id='word_1_278' title='bbox 421 2444 541 2497; x_wconf 91' lang='lat' dir='ltr'>alia</span> <span class='ocrx_word' id='word_1_279' title='bbox 566 2445 827 2509; x_wconf 94' lang='lat' dir='ltr'>quadam</span> <span class='ocrx_word' id='word_1_280' title='bbox 852 2444 1135 2509; x_wconf 92' lang='lat' dir='ltr'>peculiari</span> <span class='ocrx_word' id='word_1_281' title='bbox 1158 2447 1386 2497; x_wconf 89' lang='lat' dir='ltr'>ratione</span> <span class='ocrx_word' id='word_1_282' title='bbox 1406 2460 1568 2497; x_wconf 94' lang='lat' dir='ltr'>anno</span> <span class='ocrx_word' id='word_1_283' title='bbox 1588 2443 1715 2497; x_wconf 90' lang='lat'>1587</span> <span class='ocrx_word' id='word_1_284' title='bbox 1737 2446 1890 2497; x_wconf 91' lang='lat' dir='ltr'>circa</span> <span class='ocrx_word' id='word_1_285' title='bbox 1910 2443 2068 2496; x_wconf 92' lang='lat' dir='ltr'>diem</span> <span class='ocrx_word' id='word_1_286' title='bbox 2086 2443 2155 2495; x_wconf 91' lang='lat'>24</span> <span class='ocrx_word' id='word_1_287' title='bbox 2177 2442 2390 2495; x_wconf 91' lang='lat' dir='ltr'>Febru-</span> 
     </span>
     <span class='ocr_line' id='line_1_34' title="bbox 192 2514 2392 2582; baseline -0.001 -13"><span class='ocrx_word' id='word_1_288' title='bbox 192 2518 298 2582; x_wconf 86' lang='lat' dir='ltr'>arij</span> <span class='ocrx_word' id='word_1_289' title='bbox 307 2557 319 2577; x_wconf 95' lang='lat'>,</span> <span class='ocrx_word' id='word_1_290' title='bbox 340 2516 582 2581; x_wconf 91' lang='lat' dir='ltr'>quando</span> <span class='ocrx_word' id='word_1_291' title='bbox 602 2518 754 2568; x_wconf 90' lang='lat' dir='ltr'>inter</span> <span class='ocrx_word' id='word_1_292' title='bbox 772 2531 963 2568; x_wconf 93' lang='lat' dir='ltr'>unum</span> <span class='ocrx_word' id='word_1_293' title='bbox 975 2515 1072 2568; x_wconf 90' lang='lat' dir='ltr'>vel</span> <span class='ocrx_word' id='word_1_294' title='bbox 1085 2515 1337 2568; x_wconf 92' lang='lat' dir='ltr'>alterum</span> <span class='ocrx_word' id='word_1_295' title='bbox 1351 2515 1508 2568; x_wconf 92' lang='lat' dir='ltr'>diem</span> <span class='ocrx_word' id='word_1_296' title='bbox 1523 2530 1657 2568; x_wconf 90' lang='lat' dir='ltr'>eam</span> <span class='ocrx_word' id='word_1_297' title='bbox 1671 2521 1794 2568; x_wconf 93' lang='lat' dir='ltr'>tam</span> <span class='ocrx_word' id='word_1_298' title='bbox 1806 2514 2195 2580; x_wconf 88' lang='lat' dir='ltr'>vespertinam</span> <span class='ocrx_word' id='word_1_299' title='bbox 2210 2529 2392 2579; x_wconf 92' lang='lat' dir='ltr'>quam</span> 
     </span>
     <span class='ocr_line' id='line_1_35' title="bbox 190 2586 2391 2652; baseline -0.001 -12"><span class='ocrx_word' id='word_1_300' title='bbox 190 2590 546 2640; x_wconf 91' lang='lat' dir='ltr'>matutinam</span> <span class='ocrx_word' id='word_1_301' title='bbox 570 2587 753 2652; x_wconf 91' lang='lat' dir='ltr'>(quod</span> <span class='ocrx_word' id='word_1_302' title='bbox 776 2586 925 2641; x_wconf 93' lang='lat' dir='ltr'>alias</span> <span class='ocrx_word' id='word_1_303' title='bbox 944 2588 1289 2640; x_wconf 86' lang='lat' dir='ltr'>rarissimum</span> <span class='ocrx_word' id='word_1_304' title='bbox 1309 2586 1406 2651; x_wconf 88' lang='lat' dir='ltr'>est)</span> <span class='ocrx_word' id='word_1_305' title='bbox 1426 2586 1563 2647; x_wconf 89' lang='lat' dir='ltr'>vidi,</span> <span class='ocrx_word' id='word_1_306' title='bbox 1590 2592 1820 2639; x_wconf 93' lang='lat' dir='ltr'>motum</span> <span class='ocrx_word' id='word_1_307' title='bbox 1845 2591 2228 2651; x_wconf 90' lang='lat' dir='ltr'>apparentem</span> <span class='ocrx_word' id='word_1_308' title='bbox 2255 2600 2391 2637; x_wconf 93' lang='lat' dir='ltr'>cum</span> 
     </span>
     <span class='ocr_line' id='line_1_36' title="bbox 193 2656 2391 2724; baseline -0.001 -13"><span class='ocrx_word' id='word_1_309' title='bbox 193 2674 283 2720; x_wconf 90' lang='lat' dir='ltr'>eo,</span> <span class='ocrx_word' id='word_1_310' title='bbox 316 2661 419 2724; x_wconf 93' lang='lat' dir='ltr'>qui</span> <span class='ocrx_word' id='word_1_311' title='bbox 447 2661 676 2711; x_wconf 90' lang='lat' dir='ltr'>ratione</span> <span class='ocrx_word' id='word_1_312' title='bbox 706 2658 1080 2724; x_wconf 86' lang='lat' dir='ltr'>parallaxeos</span> <span class='ocrx_word' id='word_1_313' title='bbox 1109 2657 1290 2719; x_wconf 90' lang='lat' dir='ltr'>fieret,</span> <span class='ocrx_word' id='word_1_314' title='bbox 1324 2657 1682 2710; x_wconf 85' lang='lat' dir='ltr'>conferendo</span> <span class='ocrx_word' id='word_1_315' title='bbox 1712 2656 2183 2723; x_wconf 88' lang='lat' dir='ltr'>comprobassem,</span> <span class='ocrx_word' id='word_1_316' title='bbox 2215 2659 2297 2709; x_wconf 90' lang='lat' dir='ltr'>ita</span> <span class='ocrx_word' id='word_1_317' title='bbox 2328 2663 2391 2709; x_wconf 93' lang='lat' dir='ltr'>ut</span> 
     </span>
     <span class='ocr_line' id='line_1_37' title="bbox 191 2727 2390 2796; baseline -0.002 -13"><span class='ocrx_word' id='word_1_318' title='bbox 191 2730 562 2783; x_wconf 90' lang='lat' dir='ltr'>Ptolemaicis</span> <span class='ocrx_word' id='word_1_319' title='bbox 589 2729 1005 2796; x_wconf 88' lang='lat' dir='ltr'>hypothesibus</span> <span class='ocrx_word' id='word_1_320' title='bbox 1034 2729 1164 2782; x_wconf 86' lang='lat' dir='ltr'>haec</span> <span class='ocrx_word' id='word_1_321' title='bbox 1193 2731 1397 2782; x_wconf 90' lang='lat' dir='ltr'>omnia</span> <span class='ocrx_word' id='word_1_322' title='bbox 1424 2732 1670 2781; x_wconf 89' lang='lat' dir='ltr'>minime</span> <span class='ocrx_word' id='word_1_323' title='bbox 1697 2734 2100 2794; x_wconf 88' lang='lat' dir='ltr'>congruerent,</span> <span class='ocrx_word' id='word_1_324' title='bbox 2129 2727 2390 2792; x_wconf 90' lang='lat' dir='ltr'>impelle-</span> 
     </span>
    </p>
   </div>
   <div class='ocr_carea' id='block_1_10' title="bbox 156 2794 2389 2867">
    <p class='ocr_par' dir='ltr' id='par_1_10' title="bbox 156 2794 2389 2867">
     <span class='ocr_line' id='line_1_38' title="bbox 156 2794 2389 2867; baseline -0.001 -13"><span class='ocrx_word' id='word_1_325' title='bbox 156 2820 177 2838; x_wconf 76' lang='lat' dir='ltr'>v</span> <span class='ocrx_word' id='word_1_326' title='bbox 190 2801 312 2862; x_wconf 91' lang='lat' dir='ltr'>bar,</span> <span class='ocrx_word' id='word_1_327' title='bbox 333 2808 398 2854; x_wconf 92' lang='lat' dir='ltr'>ut</span> <span class='ocrx_word' id='word_1_328' title='bbox 415 2800 786 2866; x_wconf 86' lang='lat' dir='ltr'>postmodum</span> <span class='ocrx_word' id='word_1_329' title='bbox 799 2803 985 2867; x_wconf 90' lang='lat' dir='ltr'>magis</span> <span class='ocrx_word' id='word_1_330' title='bbox 999 2800 1297 2866; x_wconf 92' lang='lat' dir='ltr'>magisque</span> <span class='ocrx_word' id='word_1_331' title='bbox 1312 2800 1710 2865; x_wconf 84' lang='lat' dir='ltr'>Copernianae</span> <span class='ocrx_word' id='word_1_332' title='bbox 1724 2794 2100 2867; x_wconf 77' lang='lat' dir='ltr'>inven-sstioni</span> <span class='ocrx_word' id='word_1_333' title='bbox 2114 2797 2294 2851; x_wconf 87' lang='lat' dir='ltr'>fidem</span> <span class='ocrx_word' id='word_1_334' title='bbox 2307 2806 2389 2852; x_wconf 91' lang='lat' dir='ltr'>at-</span> 
     </span>
    </p>
   </div>
   <div class='ocr_carea' id='block_1_11' title="bbox 190 2870 2392 3359">
    <p class='ocr_par' dir='ltr' id='par_1_11' title="bbox 190 2870 2392 3359">
     <span class='ocr_line' id='line_1_39' title="bbox 190 2870 2391 2936; baseline -0.001 -12"><span class='ocrx_word' id='word_1_335' title='bbox 190 2873 523 2926; x_wconf 89' lang='lat' dir='ltr'>tribuerem.</span> <span class='ocrx_word' id='word_1_336' title='bbox 546 2872 820 2925; x_wconf 89' lang='lat' dir='ltr'>Obstabat</span> <span class='ocrx_word' id='word_1_337' title='bbox 836 2872 1227 2924; x_wconf 90' lang='lat' dir='ltr'>nihilominus</span> <span class='ocrx_word' id='word_1_338' title='bbox 1241 2871 1565 2936; x_wconf 91' lang='lat' dir='ltr'>plurimum</span> <span class='ocrx_word' id='word_1_339' title='bbox 1579 2873 1733 2924; x_wconf 92' lang='grc'><strong>01103</strong></span> <span class='ocrx_word' id='word_1_340' title='bbox 1744 2870 1944 2923; x_wconf 87' lang='lat' dir='ltr'>Terrae</span> <span class='ocrx_word' id='word_1_341' title='bbox 1958 2870 2391 2922; x_wconf 89' lang='lat' dir='ltr'>revolutionem</span> 
     </span>
     <span class='ocr_line' id='line_1_40' title="bbox 190 2940 2392 3009; baseline -0.001 -13"><span class='ocrx_word' id='word_1_342' title='bbox 190 2950 312 2996; x_wconf 89' lang='lat' dir='ltr'>tam</span> <span class='ocrx_word' id='word_1_343' title='bbox 339 2944 702 2997; x_wconf 91' lang='lat' dir='ltr'>ordinariam</span> <span class='ocrx_word' id='word_1_344' title='bbox 729 2951 783 2997; x_wconf 91' lang='lat' dir='ltr'>et</span> <span class='ocrx_word' id='word_1_345' title='bbox 808 2950 1155 3009; x_wconf 89' lang='lat' dir='ltr'>perpetuam</span> <span class='ocrx_word' id='word_1_346' title='bbox 1181 2945 1367 2996; x_wconf 92' lang='lat' dir='ltr'>nimia</span> <span class='ocrx_word' id='word_1_347' title='bbox 1391 2942 1728 3003; x_wconf 81' lang='lat' dir='ltr'>absurditaS,</span> <span class='ocrx_word' id='word_1_348' title='bbox 1757 2948 1812 2994; x_wconf 91' lang='lat' dir='ltr'>et</span> <span class='ocrx_word' id='word_1_349' title='bbox 1837 2941 2133 2995; x_wconf 93' lang='lat' dir='ltr'>sacrarum</span> <span class='ocrx_word' id='word_1_350' title='bbox 2158 2940 2392 3007; x_wconf 90' lang='lat' dir='ltr'>insuper</span> 
     </span>
     <span class='ocr_line' id='line_1_41' title="bbox 191 3012 2390 3079; baseline -0.001 -13"><span class='ocrx_word' id='word_1_351' title='bbox 191 3015 495 3067; x_wconf 89' lang='lat' dir='ltr'>literarum</span> <span class='ocrx_word' id='word_1_352' title='bbox 509 3018 870 3068; x_wconf 90' lang='lat' dir='ltr'>contrarium</span> <span class='ocrx_word' id='word_1_353' title='bbox 884 3014 1263 3067; x_wconf 82' lang='lat' dir='ltr'>astruentium</span> <span class='ocrx_word' id='word_1_354' title='bbox 1276 3013 1687 3079; x_wconf 88' lang='lat' dir='ltr'>irrefragabilis</span> <span class='ocrx_word' id='word_1_355' title='bbox 1702 3012 2044 3066; x_wconf 83' lang='lat' dir='ltr'>authoritas,</span> <span class='ocrx_word' id='word_1_356' title='bbox 2060 3012 2263 3076; x_wconf 90' lang='lat' dir='ltr'>Quare</span> <span class='ocrx_word' id='word_1_357' title='bbox 2276 3012 2390 3065; x_wconf 90' lang='lat' dir='ltr'>hoc</span> 
     </span>
     <span class='ocr_line' id='line_1_42' title="bbox 191 3084 2390 3151; baseline -0.001 -13"><span class='ocrx_word' id='word_1_358' title='bbox 191 3088 493 3151; x_wconf 87' lang='lat' dir='ltr'>negotium</span> <span class='ocrx_word' id='word_1_359' title='bbox 518 3086 657 3139; x_wconf 92' lang='lat' dir='ltr'>hinc</span> <span class='ocrx_word' id='word_1_360' title='bbox 683 3086 820 3138; x_wconf 92' lang='lat' dir='ltr'>inde</span> <span class='ocrx_word' id='word_1_361' title='bbox 840 3089 1002 3139; x_wconf 90' lang='lat' dir='ltr'>varie</span> <span class='ocrx_word' id='word_1_362' title='bbox 1026 3086 1338 3147; x_wconf 89' lang='lat' dir='ltr'>revolvens</span> <span class='ocrx_word' id='word_1_363' title='bbox 1357 3085 1430 3137; x_wconf 92' lang='lat' dir='ltr'>de</span> <span class='ocrx_word' id='word_1_364' title='bbox 1451 3085 1570 3137; x_wconf 91' lang='lat' dir='ltr'>alia</span> <span class='ocrx_word' id='word_1_365' title='bbox 1588 3084 1999 3151; x_wconf 90' lang='lat' dir='ltr'>hypothesium</span> <span class='ocrx_word' id='word_1_366' title='bbox 2018 3084 2390 3137; x_wconf 89' lang='lat' dir='ltr'>ordinatione</span> 
     </span>
     <span class='ocr_line' id='line_1_43' title="bbox 191 3154 2388 3221; baseline -0.001 -12"><span class='ocrx_word' id='word_1_367' title='bbox 191 3172 426 3209; x_wconf 91' lang='lat' dir='ltr'>mecum</span> <span class='ocrx_word' id='word_1_368' title='bbox 445 3157 687 3210; x_wconf 87' lang='lat' dir='ltr'>studiose</span> <span class='ocrx_word' id='word_1_369' title='bbox 708 3157 1044 3210; x_wconf 91' lang='lat' dir='ltr'>deliberavi.</span> <span class='ocrx_word' id='word_1_370' title='bbox 1066 3157 1211 3209; x_wconf 91' lang='lat' dir='ltr'>Rem</span> <span class='ocrx_word' id='word_1_371' title='bbox 1231 3159 1422 3221; x_wconf 90' lang='lat' dir='ltr'>primo</span> <span class='ocrx_word' id='word_1_372' title='bbox 1443 3156 1843 3221; x_wconf 84' lang='lat' dir='ltr'>impossibilem</span> <span class='ocrx_word' id='word_1_373' title='bbox 1862 3155 2059 3208; x_wconf 93' lang='lat' dir='ltr'>moliri</span> <span class='ocrx_word' id='word_1_374' title='bbox 2072 3155 2227 3207; x_wconf 90' lang='lat' dir='ltr'>visus</span> <span class='ocrx_word' id='word_1_375' title='bbox 2239 3154 2388 3215; x_wconf 80' lang='lat' dir='ltr'>sum:</span> 
     </span>
     <span class='ocr_line' id='line_1_44' title="bbox 192 3226 2389 3294; baseline -0.001 -14"><span class='ocrx_word' id='word_1_376' title='bbox 192 3235 251 3280; x_wconf 94' lang='lat' dir='ltr'>at</span> <span class='ocrx_word' id='word_1_377' title='bbox 275 3228 516 3280; x_wconf 91' lang='lat' dir='ltr'>tandem</span> <span class='ocrx_word' id='word_1_378' title='bbox 539 3227 660 3281; x_wconf 89' lang='lat' dir='ltr'>fere</span> <span class='ocrx_word' id='word_1_379' title='bbox 688 3244 760 3281; x_wconf 84' lang='lat' dir='ltr'>ex</span> <span class='ocrx_word' id='word_1_380' title='bbox 786 3229 1077 3294; x_wconf 91' lang='lat' dir='ltr'>insperato</span> <span class='ocrx_word' id='word_1_381' title='bbox 1102 3227 1485 3289; x_wconf 87' lang='lat' dir='ltr'>succurrebat,</span> <span class='ocrx_word' id='word_1_382' title='bbox 1511 3227 1553 3279; x_wconf 87' lang='lat' dir='ltr'>fi</span> <span class='ocrx_word' id='word_1_383' title='bbox 1572 3226 1674 3280; x_wconf 92' lang='lat' dir='ltr'>Sol</span> <span class='ocrx_word' id='word_1_384' title='bbox 1694 3233 1960 3280; x_wconf 89' lang='lat' dir='ltr'>centrum</span> <span class='ocrx_word' id='word_1_385' title='bbox 1980 3229 2243 3292; x_wconf 92' lang='lat' dir='ltr'>quinque</span> <span class='ocrx_word' id='word_1_386' title='bbox 2263 3226 2389 3278; x_wconf 89' lang='lat' dir='ltr'>Pla-</span> 
     </span>
     <span class='ocr_line' id='line_1_45' title="bbox 191 3296 2389 3359; baseline -0.001 -7"><span class='ocrx_word' id='word_1_387' title='bbox 191 3306 464 3352; x_wconf 90' lang='lat' dir='ltr'>netarum</span> <span class='ocrx_word' id='word_1_388' title='bbox 475 3299 914 3352; x_wconf 83' lang='lat' dir='ltr'>constitueretur</span> <span class='ocrx_word' id='word_1_389' title='bbox 925 3307 980 3352; x_wconf 90' lang='lat' dir='ltr'>et</span> <span class='ocrx_word' id='word_1_390' title='bbox 991 3299 1381 3351; x_wconf 92' lang='lat' dir='ltr'>nihilominus</span> <span class='ocrx_word' id='word_1_391' title='bbox 1393 3301 1546 3351; x_wconf 90' lang='lat' dir='ltr'>circa</span> <span class='ocrx_word' id='word_1_392' title='bbox 1555 3298 1817 3359; x_wconf 90' lang='lat' dir='ltr'>Terram,</span> <span class='ocrx_word' id='word_1_393' title='bbox 1832 3301 1896 3350; x_wconf 93' lang='lat' dir='ltr'>in</span> <span class='ocrx_word' id='word_1_394' title='bbox 1909 3298 2106 3351; x_wconf 92' lang='lat' dir='ltr'>medio</span> <span class='ocrx_word' id='word_1_395' title='bbox 2117 3296 2389 3350; x_wconf 91' lang='lat' dir='ltr'>universo</span> 
     </span>
    </p>
   </div>
   <div class='ocr_carea' id='block_1_12' title="bbox 192 3367 2390 3493">
    <p class='ocr_par' dir='ltr' id='par_1_12' title="bbox 192 3367 2390 3493">
     <span class='ocr_line' id='line_1_46' title="bbox 192 3367 2390 3491; baseline -0.001 -69"><span class='ocrx_word' id='word_1_396' title='bbox 192 3370 599 3435; x_wconf 90' lang='lat' dir='ltr'>quiescentem,</span> <span class='ocrx_word' id='word_1_397' title='bbox 611 3374 938 3432; x_wconf 91' lang='lat' dir='ltr'>annuatim,</span> <span class='ocrx_word' id='word_1_398' title='bbox 948 3370 1474 3423; x_wconf 90' lang='lat' dir='ltr'>concomitantibus</span> <span class='ocrx_word' id='word_1_399' title='bbox 1484 3385 1588 3435; x_wconf 91' lang='lat' dir='ltr'>per</span> <span class='ocrx_word' id='word_1_400' title='bbox 1600 3376 1866 3423; x_wconf 88' lang='lat' dir='ltr'>centrum</span> <span class='ocrx_word' id='word_1_401' title='bbox 1877 3369 2129 3491; x_wconf 74' lang='lat' dir='ltr'>ideoqufe</span> <span class='ocrx_word' id='word_1_402' title='bbox 2141 3375 2196 3421; x_wconf 94' lang='lat' dir='ltr'>et</span> <span class='ocrx_word' id='word_1_403' title='bbox 2206 3367 2390 3433; x_wconf 92' lang='lat' dir='ltr'>ipsam</span> 
     </span>
     <span class='ocr_line' id='line_1_47' title="bbox 337 3442 2389 3493; baseline -0.005 7"><span class='ocrx_word' id='word_1_404' title='bbox 337 3451 380 3487; x_wconf 88' lang='lat'>¹⁷</span> <span class='ocrx_word' id='word_1_405' title='bbox 1859 3444 2079 3493; x_wconf 89' lang='lat' dir='ltr'>circum</span> <span class='ocrx_word' id='word_1_406' title='bbox 2104 3442 2389 3491; x_wconf 89' lang='lat' dir='ltr'>erentiam</span> 
     </span>
    </p>
   </div>
  </div>
 </body>
</html>
