2644 4030
94 1094 137 1129 10

95 1452 136 1486 15

92 1809 138 1844 20

93 2166 139 2201 25

94 2524 141 2559 30

95 2881 142 2916 35

97 3237 144 3272 40

361 291 665 344 TYCHO
693 291 814 343 AD
842 290 1073 343 IOAN.
1100 289 1299 342 ANT.
1328 289 1770 342 MAGINUM
1799 290 1818 341 l
1846 290 2036 342 DEC.
2064 290 2210 342 1590
2282 290 2386 342 293

183 433 358 495 fione,
386 449 568 499 quam
593 433 823 485 videtur
848 435 1043 498 potius
1070 448 1177 497 pro
1203 431 1371 484 libitu
1397 434 1479 484 ita
1505 431 1801 491 ordinasse,
1833 438 1896 484 ut
1924 432 2043 484 suae
2071 432 2386 497 quadraret

185 506 568 570 assumptioni,
585 520 767 569 quam
779 505 939 569 quod
950 504 1208 570 indubijs
1220 503 1722 556 observationibus
1732 506 1814 555 ita
1824 503 1879 555 se
1893 503 2168 556 exhibere
2179 503 2386 556 suffici-

185 583 349 629 enter
368 582 735 641 compertum
755 575 1041 628 habuerit.
1071 575 1193 639 Qui
1214 578 1374 627 enim
1394 574 1522 627 fieri
1545 577 1750 639 potuit,
1777 582 1840 626 ut
1861 574 2073 627 Martis
2093 590 2386 640 apparens

184 654 381 700 motus
400 650 554 699 intra
573 649 752 699 unius
772 647 1032 699 hominis
1053 653 1288 699 aetatem
1308 662 1346 699 a
1366 646 1578 699 coelesti
1597 648 1830 698 tramite
1850 648 1933 698 ita
1952 645 2238 698 difformis
2261 646 2386 698 red-

186 719 435 778 deretur,
457 725 520 770 ut
540 721 603 771 in
622 717 806 770 tribus
826 718 922 770 vel
942 725 1197 783 quatuor
1216 733 1655 782 nonnunquam
1674 717 1949 782 gradibus
1970 720 2203 769 numeri
2219 732 2291 769 ex
2304 720 2387 782 ip-

184 790 298 842 fius
312 790 701 842 calculatione
716 790 1045 854 deprompti
1058 805 1095 841 a
1108 789 1280 854 scopo
1296 789 1508 842 coelesti
1523 789 1937 854 digrediantur,
1958 788 1999 840 fi
2018 788 2103 840 illi
2122 788 2225 841 suo
2246 795 2386 840 tem-

184 876 328 926 pore
354 868 532 926 atque
558 861 761 926 ijsdem
784 863 974 921 annis,
1002 860 1216 925 quibus
1236 860 1670 913 observationes
1691 862 1965 920 exercuit,
1993 866 2389 924 competenter

186 932 339 986 coelo
359 932 692 985 conformes
713 930 915 984 erant?
935 932 1158 984 Verum
1179 933 1251 984 de
1271 932 1363 984 his
1385 938 1561 996 atque
1576 931 1707 997 alijs
1722 931 1797 983 ad
1811 938 1996 983 totam
2010 931 2388 984 harmoniam

186 1004 475 1057 coelestem
496 1006 782 1056 concinne
797 1006 860 1055 in
874 1019 1156 1055 numeros
1176 1003 1575 1067 adaptandam
1595 1002 1958 1063 facientibuS‚
1979 1002 2264 1054 volumen
2283 1018 2387 1054 no-

185 1076 362 1128 strum
382 1075 857 1127 Astronomicum
878 1076 949 1127 de
970 1077 1323 1140 perennium
1342 1074 1613 1141 syderum
1634 1074 1968 1127 circuitibus
1987 1071 2257 1134 tractans,
2285 1074 2388 1126 suo

185 1154 465 1212 tempore,
496 1162 634 1199 cum
659 1147 940 1199 divinitus
965 1149 1047 1199 ita
1071 1144 1437 1211 prospectum
1466 1145 1655 1206 fuerit,
1684 1152 1740 1197 te
1769 1145 2003 1210 plenius
2032 1145 2388 1205 admonebit,

186 1221 613 1283 certioremque
634 1218 850 1271 reddet.

257 1289 515 1356 Systema
534 1289 788 1342 univerfi
808 1305 845 1342 a
865 1289 1035 1341 nobis
1056 1295 1193 1340 ante
1214 1305 1337 1341 non
1357 1288 1576 1340 multos
1596 1303 1787 1340 annos
1807 1288 2210 1348 adinventum,
2239 1294 2294 1340 et
2318 1303 2389 1339 ex

185 1361 307 1426 ipso
328 1361 481 1414 coelo
501 1361 821 1414 coelestium
840 1360 1219 1425 pervestigata
1232 1359 1598 1424 dispofitione
1613 1366 1791 1423 atque
1805 1360 2032 1418 incessu,
2053 1375 2176 1411 non
2190 1366 2390 1411 autem

186 1433 348 1486 libris
360 1433 456 1485 vel
476 1432 708 1493 chartis,
729 1432 844 1484 five
865 1434 1265 1496 antiquorum,
1286 1431 1400 1483 five
1421 1433 1746 1483 recentium
1759 1429 2267 1495 Philosophorum,
2288 1430 2390 1482 tibi

186 1520 425 1570 quoque
445 1504 683 1569 probari
704 1510 758 1556 et
778 1519 815 1556 a
834 1510 890 1556 te
909 1505 973 1555 in
992 1505 1179 1567 pretio
1199 1502 1422 1563 haberi,
1449 1502 1774 1567 plurimum
1793 1501 1942 1553 mihi
1961 1501 2064 1567 ipfi
2084 1508 2389 1567 congratu-

185 1576 290 1629 lor.
325 1576 538 1640 Neque
569 1578 728 1627 enim
757 1578 965 1640 ignoro
994 1590 1323 1639 perpaucos
1354 1574 1600 1635 futuros,
1630 1573 1949 1638 praesertim
1978 1589 2051 1625 ex
2079 1576 2166 1639 ijS,
2197 1575 2299 1637 qui
2328 1575 2391 1624 in

186 1646 415 1701 Scholis
446 1647 966 1712 Peripateticorum
1000 1646 1231 1698 educati
1264 1652 1318 1697 et
1349 1643 1604 1697 instructi
1635 1645 1780 1706 sunt,
1815 1647 1918 1710 qui
1949 1644 2105 1697 hanc
2136 1644 2391 1696 nostram

186 1720 510 1772 mundanae
537 1719 906 1785 Symmetriae
932 1724 1109 1782 atque
1136 1717 1578 1770 revolutionum
1607 1716 1927 1769 coelestium
1956 1716 2391 1768 ordinationem

186 1793 379 1856 prima
397 1790 587 1842 fronte
607 1788 924 1855 inspectam
944 1790 1235 1842 admissuri
1260 1789 1383 1849 lint,
1411 1795 1541 1841 utut
1566 1789 1853 1853 plurimas
1873 1804 1911 1840 a
1929 1787 2390 1840 PTOLEMAEO

187 1869 242 1915 et
259 1862 567 1915 Veteribus
588 1863 910 1914 commissas
931 1863 1420 1914 inconcinnitates
1440 1861 1710 1924 adeoque
1730 1859 2156 1925 superfluitates
2176 1861 2391 1911 nimias

187 1941 243 1986 et
256 1950 293 1986 a
307 1933 765 1987 COPERNICO
786 1931 1145 1986 introductas
1165 1932 1546 1985 absurditates
1560 1931 1877 1984 devitando
1893 1931 2169 1983 eliminet.
2190 1931 2271 1982 At
2290 1930 2392 1982 ubi

186 2007 442 2071 penitius
467 2005 644 2070 ipfius
669 2004 996 2069 penetralia
1020 2004 1392 2068 introspicere
1412 2003 1716 2055 solertibus
1736 2005 1985 2068 ingenijs
2006 2002 2254 2062 dabitur,
2282 2004 2389 2053 uti-

188 2093 304 2142 que
317 2092 442 2129 non
456 2076 676 2136 diffido,
699 2078 846 2141 quin
865 2075 1021 2128 hanc
1042 2076 1420 2128 Neotericam
1439 2074 1693 2127 nostram
1714 2074 2199 2134 constitutionem,
2221 2088 2389 2137 repu-

188 2149 359 2202 diatis
380 2155 435 2200 et
454 2151 774 2212 antiquatis
795 2150 1036 2208 caeteriS,
1060 2147 1166 2199 fint
1185 2147 1584 2212 approbaturi,
1611 2146 1930 2210 praesertim
1951 2146 2191 2210 quando
2212 2160 2390 2210 appa-

187 2223 406 2273 rentias
432 2219 688 2272 coelestes
713 2219 799 2271 illi
824 2218 976 2271 adeo
1004 2226 1159 2271 certo
1181 2225 1236 2270 et
1255 2218 1534 2270 subtiliter
1555 2233 1876 2283 congruere
1897 2216 2269 2282 exploratum
2287 2216 2390 2268 ha-

186 2293 435 2345 buerint.
458 2291 636 2356 Quod
657 2298 858 2344 autern
879 2291 1134 2342 Martius
1155 2291 1312 2343 orbis
1333 2290 1601 2343 Solarem
1621 2305 1746 2341 non
1764 2288 2018 2341 totaliter
2038 2287 2274 2347 ambiat,
2295 2287 2390 2340 sed

186 2362 460 2416 bifariam
485 2362 753 2423 transeat,
779 2369 835 2415 te
863 2368 918 2414 et
942 2361 1090 2414 forte
1118 2364 1295 2414 etiam
1323 2361 1472 2414 alios
1498 2360 1776 2413 nonnihil
1800 2366 1999 2412 movet
2028 2366 2204 2424 atque
2235 2361 2390 2411 anci-

188 2437 336 2500 pites
362 2435 594 2494 detinet,
622 2433 773 2486 nihil
797 2433 1031 2499 prorsus
1057 2433 1217 2498 apud
1243 2449 1339 2485 me
1365 2439 1628 2485 moretur
1652 2431 1922 2497 scrupuli.
1954 2431 2018 2484 Id
2045 2433 2205 2483 enim
2232 2430 2391 2495 quod

189 2505 474 2559 hactenus
493 2505 858 2558 Aristotelica
883 2503 1227 2558 auctoritate
1253 2505 1326 2557 fic
1351 2504 1557 2557 frustra
1581 2503 1964 2568 persuadente
1992 2503 2276 2554 creditum
2300 2501 2390 2562 est,

190 2577 409 2630 coelum
430 2593 502 2630 ex
522 2579 810 2641 impervia
830 2577 1334 2641 adamantinaque
1355 2576 1613 2628 constare
1636 2578 1900 2636 materia,
1929 2573 2278 2638 orbibusque
2305 2588 2390 2624 re-

189 2648 381 2702 alibus
396 2655 451 2701 et
464 2648 659 2701 solidis
679 2648 827 2701 astra
845 2648 947 2701 fibi
966 2648 1151 2700 infixa
1171 2647 1498 2700 rotantibus
1519 2647 1846 2699 confertum
1867 2647 1987 2704 esse,
2009 2652 2165 2697 caret
2184 2644 2391 2696 funda·

189 2729 390 2773 mento
411 2727 588 2785 atque
610 2720 683 2772 ab
703 2719 826 2785 ipsa
844 2723 929 2772 rei
948 2722 1191 2772 veritate
1212 2719 1621 2772 alienissimum
1642 2718 1738 2778 est;
1759 2723 1933 2782 prout
1951 2733 2024 2768 ex
2041 2715 2171 2780 ipfis
2188 2715 2392 2768 saltem

191 2792 471 2852 CometiS,
492 2791 533 2843 fi
552 2807 677 2844 non
697 2791 938 2843 aliunde
959 2794 1153 2850 etiam,
1180 2790 1530 2842 sufficienter
1555 2790 1753 2854 liquet.
1782 2789 1947 2841 Dum
1974 2790 2133 2839 enim
2160 2789 2390 2851 quinOS,

191 2870 466 2916 accurata
486 2863 800 2928 diligentia,
823 2862 1057 2915 diverfis
1074 2862 1300 2926 aliquot
1313 2864 1487 2914 annis
1500 2863 1806 2925 praeteritis
1822 2863 1883 2912 in
1897 2859 2158 2912 altiBimo
2173 2858 2392 2910 aethere

191 2935 550 2987 curriculum
569 2934 739 2986 suum
761 2940 1096 2986 exercentes
1118 2940 1172 2985 et
1192 2948 1576 2998 nequaquam
1598 2932 1898 2984 sublunari
1921 2933 2074 2991 assre,
2101 2936 2166 2981 ut
2189 2944 2391 2994 perpe-

191 3022 317 3059 ram
350 3012 434 3058 tot
465 3005 690 3058 saeculis
723 3004 970 3058 Scholas
1003 3021 1211 3057 omnes
1244 3005 1468 3068 decepit
1499 3001 2042 3062 ARISTOTELES,
2078 3001 2306 3053 idoneis
2338 3006 2394 3052 et

191 3080 436 3130 minime
456 3076 874 3130 flud'tuantibus
894 3076 1286 3128 instrumentis
1307 3076 1678 3133 observarim,
1703 3081 1880 3139 atque
1900 3071 2117 3125 invicta
2137 3072 2391 3125 Geome-

191 3151 318 3201 triae
331 3149 676 3200 certitudine
687 3147 1151 3200 demonstrarim:
1167 3146 1385 3198 horum
1398 3153 1598 3199 tamen
1613 3145 1813 3198 nullus
1824 3145 2075 3197 alicuius
2087 3146 2225 3196 certi
2237 3143 2393 3195 orbis

193 3221 796 3285 circumagitationem
816 3218 1336 3278 concomitabatur,
1362 3218 1458 3269 sed
1484 3217 1664 3269 libere
1684 3219 1747 3268 111
1767 3216 2136 3281 liquidissimo
2156 3214 2392 3275 aethere,

193 3307 313 3356 quo
333 3294 572 3356 propria
591 3289 813 3342 ferebat
832 3290 1178 3343 naturaliter
1196 3289 1382 3341 indita
1401 3291 1679 3340 motionis
1699 3291 1787 3340 vis
1807 3294 1984 3353 atque
2006 3289 2258 3352 energia,
2286 3301 2392 3338 un·

193 3364 502 3427 decunque
522 3362 762 3414 tandem
783 3367 987 3414 exorta
1012 3367 1188 3426 atque
1209 3363 1440 3426 agitata,
1470 3359 1884 3412 movebantur:
1914 3359 2092 3424 idque
2118 3372 2392 3480 nonlper-

2200 3444 2238 3493 p
2264 3443 2393 3488 exe,
