2644 4030
234 301 326 353 130
766 297 1204 351 EPISTOLAE
1230 296 1902 350 ASTRONOMICAE

234 441 764 494 circumferentiam
778 440 1143 505 reliquorum
1158 441 1420 504 quinque
1434 438 1815 492 Planetarum
1828 438 2179 501 circuitibuS,
2194 441 2429 494 convol-

232 518 479 573 veretur,
492 518 556 564 ut
563 511 747 564 Terra
758 518 1023 564 centrum
1034 511 1319 575 praeberet
1330 510 1798 563 revolutionibus
1808 510 2011 563 saltem
2019 510 2172 564 Solis
2180 517 2236 564 et
2242 511 2430 564 Lunae

232 589 560 647 caeteraque
579 585 783 635 omnia
799 582 1151 635 includentis
1169 582 1449 633 altissimae
1468 579 1692 634 oc'tavae
1711 581 1974 647 sphaerae,
1994 581 2052 644 fi,
2072 585 2337 647 inquam,
2357 598 2430 635 eo

230 654 409 706 modo
436 653 834 706 revolutiones
855 653 1111 705 coelestes
1132 653 1562 714 ordinarentur,
1588 659 1728 705 tunc
1755 655 1975 715 omnia,
2004 669 2140 718 quae
2159 656 2224 705 in
2244 653 2429 706 Ptole-

229 728 423 777 maica
443 731 497 776 et
518 724 900 789 Coperniana
925 725 1306 787 assumptione
1332 723 1553 776 absona
1573 730 1628 776 et
1647 726 1810 776 irrita
1827 720 2430 793 superva-sscaneaque
2449 734 2554 777 Ast

228 796 508 857 incidunt,
529 795 655 847 tolli
670 802 725 847 et
740 797 1077 860 praecaveri.
1099 794 1214 847 Sed
1232 794 1624 847 nihilominus
1644 794 1839 848 adhuc
1859 795 2197 861 scrupulum
2215 798 2428 857 iniecit,

229 867 388 932 quod
403 867 559 919 orbis
573 867 828 919 Martius
842 864 1100 931 respectu
1115 865 1335 919 Solaris
1354 872 1552 918 tantus
1571 882 1696 919 non
1715 869 2093 929 inveniretur,
2114 872 2179 919 ut
2193 882 2332 920 eum
2343 874 2429 920 to-

227 938 418 990 taliter
442 937 742 990 includere
767 938 956 1002 posset,
982 952 1192 989 verum
1218 936 1450 990 duobus
1469 939 1532 989 in
1551 937 1695 990 locis
1714 938 2025 990 necessario
2045 938 2234 1004 ipsum
2253 954 2428 1004 pene-

226 1015 418 1061 traret.
450 1009 629 1061 Eram
658 1011 819 1061 enim
848 1008 1043 1061 adhuc
1073 1008 1175 1061 diu
1203 1015 1438 1074 recepta
1464 1015 1519 1061 et
1545 1008 1620 1062 ab
1650 1009 1925 1062 omnibus
1954 1009 2075 1062 sere
2104 1008 2429 1075 approbata

227 1082 507 1145 opinione
526 1079 804 1142 imbutuS,
832 1079 1051 1132 coelum
1072 1081 1175 1132 esse
1196 1079 1544 1145 quibusdam
1563 1079 1822 1133 realibus
1841 1080 2096 1143 orbibuS,
2117 1081 2302 1134 fidera
2321 1084 2425 1134 cir·
2480 1096 2523 1132 10

226 1150 699 1212 cumferentibuS,
725 1150 1021 1212 refertum,
1047 1151 1301 1217 ideoque
1321 1151 1477 1205 hanc
1498 1152 1733 1204 orbium
1751 1154 2140 1218 incongruam
2158 1158 2425 1217 penetra-

224 1225 447 1275 tionem
457 1238 582 1275 non
592 1222 1016 1280 admittendam
1027 1223 1185 1285 duxi,
1200 1223 1456 1288 indeque
1469 1225 1678 1284 evenit,
1694 1230 1758 1276 ut
1770 1223 1900 1276 haec
1913 1226 2153 1289 propria
2163 1226 2426 1276 inventio

224 1293 373 1346 mihi
392 1294 495 1359 ipfi
514 1294 864 1360 aliquandiu
883 1292 1140 1360 suspedta
1158 1294 1347 1347 fuerit.
1369 1294 1639 1347 Tandem
1652 1310 1795 1347 vero
1811 1311 1947 1348 cum
1962 1311 2035 1348 ex
2049 1294 2427 1360 quorundam

226 1365 611 1418 Cometarum
631 1372 905 1419 accurata
922 1368 1075 1419 circa
1090 1373 1320 1419 motum
1335 1372 1390 1419 et
1402 1365 1736 1432 parallaxes
1757 1382 1966 1419 eorum
1986 1368 2426 1419 examinatione

225 1443 381 1490 certo
408 1437 780 1503 exploratum
803 1437 1103 1499 haberem,
1131 1453 1233 1490 eos
1253 1437 1457 1503 inipso
1478 1437 1632 1490 coelo
1657 1437 1831 1504 longe
1852 1438 2025 1503 supra
2044 1438 2279 1491 Lunam
2299 1453 2425 1491 cur·
2479 1453 2522 1489 15

223 1507 317 1560 sus
342 1508 428 1560 sui
453 1524 730 1561 normam
755 1508 1046 1562 absolvisse
1074 1515 1129 1562 et
1154 1508 1545 1562 nihilominus
1571 1509 1751 1562 nullis
1778 1512 2075 1575 corporeis
2096 1516 2151 1562 et
2170 1508 2427 1562 realibus

223 1579 477 1642 orbibuS,
509 1579 722 1645 quibus
748 1580 1007 1633 Planetae
1033 1579 1172 1633 vehi
1202 1580 1534 1642 creduntur,
1564 1580 1721 1633 fuisse
1748 1580 2056 1643 obnoxiOS‚
2085 1580 2182 1634 sed
2209 1580 2426 1646 peculi-

223 1666 388 1703 arem
405 1651 708 1716 quandam
725 1650 800 1704 ab
817 1650 911 1704 his
924 1658 1120 1704 motus
1134 1655 1427 1704 rationem
1439 1653 1730 1713 invenisse,
1751 1659 1815 1705 ut
1828 1652 2003 1705 latius
2019 1659 2074 1704 et
2088 1651 2426 1717 exquifitius

221 1724 285 1774 in
302 1738 479 1788 opere
496 1722 689 1775 nostro
707 1723 778 1775 de
796 1722 888 1775 his
906 1718 927 1791 ΙΙ
948 1723 1210 1789 asciticijs
1228 1723 1364 1776 coeli
1382 1722 1796 1789 phaenomenis
1816 1723 2257 1786 demonstratur,
2277 1739 2425 1788 prae-
2445 1731 2557 1774 A5v

221 1792 614 1859 sumptionem
627 1793 791 1846 illam
806 1794 876 1846 de
892 1794 1126 1847 orbium
1140 1794 1460 1847 coelestium
1475 1795 1624 1848 dura
1635 1801 1690 1848 et
1699 1797 1988 1860 impervia
2001 1797 2250 1848 materia
2262 1810 2423 1860 pror·
2473 1810 2520 1845 20

220 1864 314 1916 sus
334 1865 536 1918 abieci.
563 1865 801 1918 Aecessit
822 1871 877 1918 et
895 1864 1026 1928 hoc,
1055 1866 1215 1931 quod
1235 1866 1354 1918 duo
1376 1868 1555 1919 etiam
1575 1866 1859 1927 Cometae,
1888 1869 1990 1931 qui
2015 1869 2181 1919 iuxta
2200 1866 2424 1932 opposi-

220 1942 347 1988 tum
379 1935 532 1989 Solis
562 1936 916 1997 ferebantur,
949 1936 1082 1990 satis
1115 1937 1414 1990 evidenter
1443 1937 1808 1999 ostenderint,
1838 1936 2085 1990 Terram
2113 1940 2424 1991 annuatim

220 2022 427 2060 revera
451 2023 576 2059 non
602 2007 893 2068 convolvi,
920 2007 1205 2073 fiquidem
1229 2007 1410 2061 huius
1437 2011 1820 2061 commutatio
1846 2024 1970 2061 non
1990 2009 2239 2062 detraxit
2258 2009 2422 2074 quid·
2472 2013 2502 2057 ·1·

219 2080 381 2143 piam
408 2094 615 2131 eorum
640 2079 1009 2144 praedefinito
1031 2086 1086 2132 et
1104 2080 1592 2145 proportionabili
1617 2082 1822 2142 motui,
1849 2087 1914 2133 ut
1939 2082 2003 2132 in
2022 2079 2293 2141 PlanetiS,
2321 2083 2424 2146 qui

220 2150 295 2202 ob
325 2148 427 2215 [id]
455 2153 705 2216 retroagi
725 2166 763 2203 a
784 2150 1241 2204 COPERNICO
1264 2151 1679 2213 existimantur,
1706 2151 1814 2204 usu
1832 2153 2009 2204 venit.
2030 2150 2298 2204 Tandem
2318 2154 2422 2205 ita·
2472 2168 2519 2204 25

221 2236 335 2285 que
350 2221 604 2287 utrisque
618 2221 1035 2284 fundamentiS,
1055 2229 1178 2275 tam
1193 2221 1587 2288 Copernianis
1603 2238 1786 2288 quam
1799 2222 2186 2285 PtolemaiciS,
2207 2223 2282 2276 ab
2302 2223 2425 2288 ipsa

221 2295 581 2357 experientia
600 2293 825 2355 everES,
846 2296 1207 2347 neotericam
1226 2293 1382 2347 hanc
1401 2297 1809 2347 inventionem
1826 2297 1970 2347 citra
1983 2310 2161 2347 omne
2176 2293 2423 2347 dubium

219 2361 371 2416 recle
390 2363 446 2416 se
466 2363 685 2417 habere
700 2367 904 2418 animo
920 2365 1330 2426 confirmabar,
1351 2365 1672 2431 praesertim
1686 2366 1847 2431 quod
1860 2365 2244 2432 perspicerem
2259 2381 2291 2418 e
2307 2365 2421 2419 Co-

218 2438 405 2496 metiS,
426 2442 490 2488 ut
510 2436 647 2498 dixi,
669 2436 889 2489 coelum
908 2436 1277 2502 liquidissima
1298 2443 1352 2490 et
1371 2440 1611 2502 propria
1629 2437 1940 2490 substantia
1954 2437 2212 2490 constare
2226 2436 2421 2490 nullis-

219 2522 334 2571 que
349 2506 587 2560 orbibus
601 2507 762 2560 duris
777 2514 832 2560 et
845 2508 1119 2570 realibuS,
1139 2514 1203 2561 ut
1216 2515 1300 2561 tot
1312 2511 1435 2562 iam
1447 2508 1653 2562 seculis
1666 2508 1809 2561 falso
1825 2509 2109 2562 creditum
2124 2508 2214 2571 est,
2236 2508 2420 2562 abun·
2469 2525 2517 2561 30

218 2577 375 2639 dare,
403 2585 467 2631 ut
493 2578 568 2631 ob
594 2579 654 2631 id
679 2579 830 2632 nihil
856 2579 1134 2633 obstaculi
1158 2581 1399 2646 ingerat,
1428 2579 1587 2645 quod
1614 2579 1827 2633 Martis
1852 2582 2238 2646 imaginarius
2264 2579 2421 2633 orbis

219 2648 486 2702 Solarem
505 2666 629 2702 non
648 2650 902 2703 totaliter
914 2650 1191 2712 includat,
1212 2651 1309 2704 sed
1322 2651 1555 2704 duobus
1569 2654 1632 2703 in
1644 2651 1789 2704 locis
1802 2651 2117 2713 intersecet,
2137 2650 2421 2717 liquidem

219 2719 389 2773 orbes
414 2720 498 2773 isti
524 2721 904 2787 corporaliter
931 2722 1084 2775 coelo
1109 2738 1234 2775 non
1255 2718 1276 2791 ΙΙ
1296 2721 1506 2783 insunt,
1533 2722 1629 2775 sed
1654 2729 1855 2775 tamen
1881 2738 1955 2775 ex
1979 2729 2147 2775 motu
2169 2722 2420 2775 fiderum
2438 2730 2544 2774 Αότ

217 2790 346 2843 fieri
377 2792 796 2859 intelliguntur.
831 2793 1076 2846 Contuli
1107 2809 1250 2846 mox
1280 2795 1435 2846 intra
1464 2794 1925 2859 quadriennium
1952 2796 2292 2859 proximum
2322 2808 2418 2846 ex·
2467 2797 2497 2841 ἰ·

218 2861 463 2916 adtiores
481 2867 856 2929 apparentias
873 2867 936 2917 in
952 2871 1119 2917 motu
1137 2867 1400 2930 quinque
1414 2864 1794 2918 Planetarum
1814 2880 1951 2918 cum
1969 2864 2082 2918 hac
2103 2864 2295 2917 nostra
2313 2864 2417 2931 hy·
2467 2880 2514 2916 35

217 2933 455 2997 pothefi,
484 2941 540 2987 et
564 2935 956 2989 animadverti
976 2952 1076 2989 eas
1098 2952 1281 3002 quam
1300 2937 1641 3002 apertissime
1664 2936 1749 2988 illi
1769 2951 2107 3002 congruere,
2129 2941 2418 2989 veterum-

219 3019 333 3068 que
362 3007 486 3057 una
515 3005 1016 3060 observationibus
1048 3007 1284 3060 abunde
1316 3007 1659 3068 satisfacere;
1691 3010 1814 3060 imo
1847 3007 2128 3072 quiddam
2162 3007 2324 3060 aliud
2355 3009 2419 3059 in

217 3074 330 3127 hac
349 3075 547 3138 latere,
575 3078 734 3141 quod
753 3078 1113 3143 peculiarem
1134 3079 1438 3144 quandam
1458 3078 1876 3144 inaequalitatis
1895 3081 2233 3144 apparentis
2253 3093 2417 3131 occa-

217 3145 439 3198 fionem
463 3148 781 3212 praesertim
807 3151 871 3201 in
895 3156 1063 3202 motu
1083 3150 1295 3203 Martis
1323 3150 1420 3214 (ob
1442 3150 1663 3203 Solaris
1683 3149 1841 3203 orbis
1864 3150 1939 3203 ad
1963 3152 2091 3202 eius
2112 3152 2417 3202 circuitum

218 3217 541 3270 admodum
561 3218 881 3272 senfibilem
901 3228 956 3273 et
974 3237 1255 3287 magnam
1275 3220 1802 3287 comparationem)
1825 3220 2138 3282 excusaret,
2158 3236 2294 3286 quae
2313 3235 2417 3285 per
2465 3236 2513 3272 4ο

218 3289 633 3341 antecessorum
660 3291 1070 3356 assumptiones
1096 3308 1480 3357 nequaquam
1504 3292 1716 3345 salvari
1741 3293 1929 3358 posset‚
1956 3298 2021 3344 ut
2041 3292 2115 3344 ob
2135 3291 2195 3343 id
2215 3291 2417 3356 aliqua

218 3374 291 3410 ex
309 3366 473 3423 parte
491 3360 688 3413 cursus
705 3362 1023 3426 praesertim
1041 3363 1253 3415 Martis
1272 3363 1505 3427 prorsus
1524 3363 1928 3428 inexploratus
1947 3361 2232 3416 hadtenus
2249 3377 2414 3485 mant-

2292 3448 2375 3485 er1
2401 3473 2413 3484 .
