2632 4022
274 297 379 349 366
807 295 1247 348 EPISTOLAE
1272 295 1944 348 ASTRONOMICAE

274 438 401 497 fisse,
432 437 685 501 ideoque
714 436 835 501 ipso
864 436 1038 501 longe
1068 437 1279 489 altiora
1307 443 1361 488 et
1388 453 1424 488 a
1449 440 1615 489 terris
1644 441 1962 491 remotiora
1989 439 2219 490 extitisse
2249 437 2475 492 invidtis

274 509 599 560 rationibus
615 507 1073 559 demonstrarim.
1095 508 1270 560 Unde
1284 509 1626 573 apertissime
1643 509 1825 573 liquet
1843 525 2051 561 omnes
2064 509 2475 572 AristotelicOS,

275 582 375 643 qui
389 585 472 630 tot
485 581 607 630 iam
620 578 825 630 seculis
840 581 1197 631 contrariam
1211 582 1379 631 tutati
1393 579 1522 631 sunt
1535 579 1896 640 sententiam,
1918 580 2031 632 hac
2044 583 2107 632 in
2121 587 2284 645 parte
2299 581 2475 646 pluri-

273 666 440 701 mum
461 650 740 701 aberrasse
757 656 811 701 et
827 650 1107 702 Cometas
1126 650 1471 702 sublunares
1492 650 1802 703 efficiendo
1822 658 1944 703 toto
1966 652 2161 717 (prout
2181 652 2294 704 dici
2313 652 2476 716 solet)

275 721 426 772 coelo
449 721 707 772 deviasse.
730 721 917 772 Fratri
937 728 1137 773 autem
1154 728 1257 773 tuo
1275 737 1397 773 non
1412 722 1652 774 invideo
1666 722 1826 774 hunc
1841 723 1916 775 ob
1932 725 2306 775 autoritatem
2320 724 2476 775 ARI-
2527 740 2549 774 5

275 791 642 844 STOTELIS
658 807 934 852 errorem,
948 807 1127 856 quem
1139 808 1275 844 cum
1288 793 1488 845 multis
1503 793 1634 859 alijs
1650 809 2029 846 communem
2043 794 2236 855 habet,
2251 794 2479 846 miseret

274 865 468 927 potius
495 864 655 927 quod
683 879 818 914 cum
839 863 1300 916 Mathematicus
1327 864 1406 925 fit,
1435 867 1659 916 caeteris
1680 865 1968 917 oculatior
1993 881 2117 918 non
2144 865 2356 918 existat.
2384 865 2479 918 Ad

273 935 470 986 literas
502 937 628 985 eius
657 934 1063 999 respondissem
1090 935 1346 999 quidem,
1374 935 1415 987 fi
1441 951 1512 987 ea
1543 951 1679 1000 quae
1707 952 1830 1001 prae
1856 936 1912 988 se
1938 936 2149 998 ferunt,
2180 937 2395 988 sincere
2426 943 2480 989 et

274 1006 391 1057 fine
413 1009 710 1070 arroganti
729 1006 1074 1070 praeiudicio
1095 1005 1246 1059 dic'ta
1267 1007 1369 1058 esse
1392 1008 1801 1072 comperissem.
1819 1009 2041 1060 Verum
2063 1007 2322 1060 existimo
2341 1003 2361 1076 ΙΙ
2380 1023 2480 1060 eas
2511 1015 2599 1060 36v

277 1077 665 1141 Capnurania
690 1077 791 1129 ista
817 1077 1066 1142 scoptica
1091 1093 1216 1130 non
1241 1078 1430 1130 multo
1456 1078 1895 1139 mansuetioreS,
1923 1079 2073 1131 adeo
2099 1086 2164 1131 ut
2189 1082 2340 1131 inter
2362 1079 2482 1131 alia
2535 1095 2577 1130 10

275 1148 728 1212 hospitalitatem
747 1151 925 1201 etiam
942 1164 1140 1200 meam
1160 1149 1258 1213 (ne
1273 1150 1415 1214 quid
1430 1150 1622 1202 dicam
1637 1150 1916 1215 amplius)
1931 1153 1995 1202 in
2009 1151 2255 1203 dubium
2268 1165 2482 1203 vocare

274 1235 398 1271 non
418 1226 706 1280 vereatur,
729 1220 872 1271 dum
892 1220 964 1271 fic
984 1220 1193 1272 scribit.
1221 1219 1471 1287 Cupivit
1490 1218 1698 1286 clodiiss.
1717 1220 1903 1274 viz-D.
1918 1222 2171 1289 legatus
2192 1224 2260 1274 ut
2267 1219 2483 1288 secum

277 1294 337 1343 te
356 1289 711 1357 inviserem,
733 1306 859 1343 non
873 1291 1206 1358 patiuntur
1215 1291 1282 1344 id
1292 1291 1495 1345 amici.
1521 1292 1593 1345 Si
1607 1290 1911 1357 venissem,
1930 1290 2232 1361 gratusne
2249 1291 2482 1358 fuissem

275 1360 545 1428 hospes?
572 1362 805 1415 Caetera
831 1379 934 1428 per
960 1363 1328 1428 temetipsum
1349 1370 1404 1415 et
1424 1380 1531 1429 pro
1551 1366 1655 1416 tua
1680 1365 1992 1429 prudentia
2012 1371 2188 1448 atque
2209 1364 2482 1416 humani-

275 1440 391 1485 tate
406 1433 539 1485 satis
553 1434 841 1499 intelligis,
865 1434 957 1485 De
972 1436 1108 1486 mea
1121 1450 1263 1486 vero
1276 1435 1691 1488 benevolentia
1706 1451 1843 1501 erga
1858 1443 1930 1497 te,
1953 1439 2119 1488 cuius
2134 1436 2484 1501 singularem
2538 1452 2579 1486 15

277 1505 595 1556 candorem
615 1512 669 1556 et
686 1509 961 1557 virtutem
982 1508 1111 1570 pari
1132 1504 1396 1558 doctrina
1417 1509 1778 1568 coniuntam,
1801 1523 1937 1559 cum
1959 1522 2031 1559 ex
2050 1507 2484 1572 praestantissimi

278 1576 351 1627 D.
373 1576 595 1627 PETRI
618 1576 819 1638 IUNIJ
847 1577 1150 1638 relatione,
1179 1584 1307 1629 utut
1334 1581 1485 1630 inter
1510 1594 1621 1630 nos
1647 1578 1963 1639 brevicula,
1990 1585 2116 1630 tum
2140 1595 2212 1630 ex
2234 1580 2486 1644 proprijs

277 1650 391 1699 tuis
405 1647 586 1699 literis
601 1654 777 1712 atque
793 1649 1151 1700 carminibus
1166 1648 1522 1714 perspectam
1536 1649 1746 1710 habe0‚
1759 1665 1883 1702 non
1899 1650 1973 1702 est
1988 1651 2147 1714 quod
2162 1649 2485 1711 addubiteS,

277 1722 399 1770 imo
426 1718 467 1770 fi
493 1720 635 1783 quid
661 1720 763 1771 tibi
791 1720 950 1784 quod
976 1726 1207 1784 gratum
1232 1720 1295 1771 fit
1324 1736 1428 1785 per
1456 1736 1552 1772 me
1582 1721 1840 1786 praestari
1869 1728 2062 1786 queat,
2093 1724 2361 1773 invenies
2389 1736 2486 1773 me

280 1806 461 1854 quam
490 1791 923 1854 paratissimum.
956 1792 1113 1843 Cum
1140 1798 1339 1843 autem
1370 1792 1621 1857 eleganti
1650 1794 1880 1857 poetica
1904 1795 2060 1844 vena
2087 1800 2143 1845 te
2173 1792 2486 1858 praeditum
2535 1808 2582 1843 20

280 1862 383 1913 esse
406 1877 477 1912 ex
497 1861 754 1913 versibus
779 1862 1063 1914 eiusmodi
1089 1865 1275 1927 gratia
1302 1863 1635 1928 conscriptis
1662 1879 1786 1916 non
1812 1863 2050 1916 obscure
2076 1864 2486 1929 perspexerim,

281 1932 595 1996 Epistolam
609 1933 765 1985 hanc
781 1934 1116 1998 Elegiacam
1128 1934 1204 1986 ad
1215 1937 1607 1986 imitationem
1620 1935 2055 1988 Ovidianarum
2066 1951 2290 2001 nupere
2302 1937 2488 1988 animi

280 2004 452 2055 causa
478 2004 689 2055 sororis
716 2008 959 2057 nomine
987 2021 1024 2056 a
1049 2020 1144 2057 me
1170 2004 1358 2057 lusam
1385 2006 1705 2071 adiungere
1726 2006 1907 2067 volui,
1936 2013 2000 2059 ut
2018 2007 2221 2060 videas
2244 2023 2339 2059 me
2364 2022 2489 2058 non

279 2075 504 2139 semper
523 2075 794 2128 sublimia
815 2083 869 2127 et
890 2076 1159 2137 coelestia,
1181 2076 1276 2128 sed
1299 2079 1477 2129 etiam
1496 2078 1796 2139 terricoliS,
1824 2086 1887 2130 ut
1914 2078 2255 2143 plurimum,
2283 2078 2489 2130 usitata

280 2162 719 2270 Ἇοηηυῖἒεὲὲωη
742 2147 950 2211 (obiter
969 2147 1192 2212 tamen)
1214 2146 1477 2201 tractare.
1494 2149 1658 2201 Vale.
1681 2149 1856 2202 Datae
1872 2150 2233 2215 Uraniburgi
2249 2150 2334 2202 26.
2354 2149 2484 2214 Iulij
2538 2166 2584 2200 25

339 2234 461 2269 nno
617 2260 627 2270 .

283 2393 375 2438 [Ec
378 2394 472 2430 oicd
475 2394 567 2430 eiV
571 2395 657 2431 ndo
659 2395 744 2431 bon
827 2395 901 2431 131
903 2398 927 2431 t.
949 2395 1080 2441 9737f]
2538 2397 2567 2440 ἦ·

286 2482 949 2556 NOBILITATE
990 2484 1496 2571 GENERIS,
1521 2485 2011 2558 VIRTUTE
2045 2485 2196 2559 AC
2234 2485 2489 2558 ERU-
2521 2508 2609 2552 39v

372 2585 707 2638 DITIONE
734 2586 1088 2640 ILLUsTRI
1115 2588 1319 2649 VIRO,
1348 2588 1687 2641 DOMINO
1714 2589 2086 2642 TYCHoNI
2113 2589 2403 2650 BRAHE,

538 2669 877 2723 DOMINO
906 2670 1013 2722 DE
1040 2671 1528 2724 KNUDSTRUP
1554 2671 1654 2724 ET
1679 2672 2237 2733 URANIBURGO,
2539 2688 2586 2724 30

708 2753 1059 2807 FAUTORI
1087 2754 1243 2807 SUO
1273 2755 1491 2807 OMNI
1519 2755 2070 2808 OBSERVANTIA

1185 2837 1592 2961 COLEgNDO.
2521 2918 2604 2962 38?

540 2991 575 2997 ’
678 3046 689 3058 .,
755 3003 849 3055 ISI
864 3004 1308 3068 quodammodo
1323 3003 1388 3056 T.
1402 3005 1465 3056 E.
1481 3004 1922 3057 Generofissime
1937 3005 2198 3057 Domine
2208 3004 2490 3057 TYCHO

318 3092 323 3114 *
384 3079 412 3169 *1
536 3080 641 3161 ᾖ»)
679 3139 689 3179 2
755 3090 891 3157 mea
908 3090 1045 3159 erga
1057 3075 1123 3127 T.
1140 3076 1202 3127 E.
1219 3075 1414 3128 debita
1428 3076 1811 3144 observantia,
1834 3084 1888 3129 et
1907 3077 2055 3128 mihi
2075 3083 2178 3129 tua
2197 3079 2260 3128 in
2279 3092 2374 3161 me
2394 3077 2490 3129 be·
2540 3093 2586 3128 35

438 3246 444 3254 -
511 3213 574 3292 2252„
599 3213 641 3242 ''³‘'
756 3216 909 3269 sares
937 3217 1216 3279 officium,
1245 3219 1404 3283 quod
1430 3226 1552 3271 toto
1580 3222 1701 3271 iam
1727 3234 1878 3284 pene
1905 3219 2152 3272 semestri
2172 3219 2322 3271 nihil
2342 3219 2417 3271 ad
2436 3225 2492 3270 te

437 3300 468 3333 .·
510 3303 534 3340 f
559 3294 575 3342 β’
590 3303 601 3327 ι
667 3292 716 3359 34*
757 3287 1060 3340 literarum
1080 3289 1507 3342 transmiserim.
1533 3290 1598 3342 Id
1618 3291 1777 3355 quod
1797 3306 1949 3343 meae
1970 3291 2371 3356 ingratitudini
2391 3296 2493 3342 aut

500 3361 535 3383 *V
705 3367 710 3383 ⁵
758 3360 1003 3411 incuriae
1027 3375 1411 3425 nequaquam
1434 3361 1684 3414 ascribas
1704 3361 1899 3414 velim.
1928 3362 1994 3414 In
2016 3377 2087 3414 ea
2106 3361 2390 3426 siquidem
2407 3361 2490 3413 lo-

2287 3447 2493 3484 corum
