2644 4030
225 310 317 361 132
756 304 1193 357 EPISTOLAE
1219 301 1887 356 ASTRONOMICAE

224 452 654 502 neotericorum
670 453 725 499 et
738 447 1114 499 ascititiorum
1128 448 1191 497 in
1205 444 1357 497 coelo
1372 443 1910 509 phaenomenorum
1924 442 2104 496 libros
2116 446 2277 496 viam
2290 443 2417 497 ster-

224 536 363 573 nere
385 526 438 571 et
458 519 845 571 fundamenta
863 532 1083 583 ponere
1102 516 1267 568 volui
1287 515 1362 568 ad
1383 530 1534 580 opus
1557 514 1718 575 illud,
1743 515 1903 580 quod
1924 521 2344 580 perpetuorum
2364 521 2419 568 et

222 591 448 643 mundo
465 605 805 642 coaevorum
818 589 1069 641 fiderum
1082 587 1550 639 revolutionibus
1564 601 1636 638 ex
1650 586 1771 650 ipso
1786 586 1956 646 coe10,
1977 586 2224 638 faciente
2243 586 2419 651 ipsius

223 662 358 715 coeli
379 660 622 726 opifice,
644 660 1004 712 restituendis
1025 654 1045 726 ΙΙ
1066 658 1350 710 inserviet.
1373 658 1631 723 Ideoque
1645 657 1802 710 hanc
1814 660 2257 723 peregrinarum
2272 663 2327 709 et
2340 657 2418 710 se·
2439 669 2543 713 A7r

222 733 641 785 cundariarum
672 731 966 783 stellarum
998 729 1442 794 descriptionem
1473 729 1947 794 praemittendam
1975 728 2238 781 consulto
2270 729 2418 781 iudi·
2467 749 2490 784 ⁵

222 806 367 864 cavi,
389 803 566 868 idque
586 818 710 854 non
729 802 931 854 saltem
951 800 1027 853 ob
1047 800 1266 852 horum
1282 800 1659 852 ascititiorum
1672 800 1924 852 siderum
1937 799 2108 852 situm
2121 806 2176 852 et
2189 806 2419 852 motum

220 877 452 940 penitus
473 873 957 939 cognoscendum,
977 872 1073 924 sed
1092 871 1280 924 multo
1301 874 1487 937 magis
1508 874 1686 923 etiam
1706 871 1782 923 ob
1798 873 1976 924 totius
1990 874 2130 924 artis
2144 871 2418 923 Astrono-

220 948 390 998 micae
423 943 889 1009 redintegrandae
921 943 1060 995 hinc
1090 945 1509 995 convenienter
1538 941 1814 996 deduCtas
1843 942 2191 995 occasiones,
2225 942 2419 1007 Ipsum

220 1033 361 1069 vero
394 1031 545 1081 opus
577 1016 1052 1067 Astronomicum
1083 1016 1147 1066 in
1178 1016 1211 1067 7
1243 1014 1423 1067 libros
1455 1013 1790 1066 distribuere
1823 1013 2103 1066 constitui.
2144 1013 2419 1077 Quorum

215 1087 422 1155 primo
441 1102 613 1153 agam
633 1086 705 1139 de
727 1085 1084 1139 Mechanica
1106 1084 1285 1138 huius
1308 1087 1447 1138 artis
1473 1091 1654 1150 parte,
1682 1101 1819 1150 quae
1845 1084 2362 1137 instrumentorum
2381 1101 2419 1138 a
2471 1104 2514 1140 ιο

219 1175 315 1211 me
336 1161 798 1224 excogitatorum
817 1157 1100 1210 fabricam
1115 1163 1170 1209 et
1183 1157 1352 1209 usum
1367 1163 1637 1222 exponet,
1659 1156 1861 1221 qualia
1877 1172 2036 1209 nunc
2049 1156 2222 1221 plura
2236 1171 2419 1221 quam

219 1231 289 1283 20
313 1233 376 1282 in
401 1236 677 1295 promptu
702 1229 914 1290 habeo,
940 1245 1065 1281 non
1090 1228 1279 1280 solum
1305 1227 1711 1294 magnitudine
1733 1228 1829 1280 sed
1853 1230 2030 1280 etiam
2049 1229 2314 1280 materiae
2333 1227 2417 1280 so-

218 1302 455 1363 liditate,
476 1300 712 1354 fabricae
729 1303 1027 1361 varietate,
1049 1299 1184 1352 usus
1206 1306 1260 1352 et
1281 1299 1640 1352 certitudinis
1654 1301 1804 1351 inter
1818 1298 2248 1352 observandum
2262 1314 2417 1351 com-

218 1373 499 1425 moditate
526 1378 581 1424 et
606 1371 1117 1437 correspondentia
1144 1370 1648 1436 incomparabilia.
1681 1370 1971 1424 Secundo
2000 1371 2071 1422 de
2101 1372 2189 1436 ijs,
2220 1385 2355 1435 quae
2385 1386 2417 1422 e

218 1443 648 1510 triangulorum
669 1450 724 1496 et
743 1458 1130 1496 numerorum
1151 1441 1415 1496 doctrina
1427 1442 1848 1494 Astronomicis
1868 1442 2042 1494 rebus
2061 1441 2307 1494 subfidio
2320 1457 2416 1494 ve·
2471 1460 2513 1497 1⁵

218 1517 407 1576 niunt,
433 1513 797 1576 tractaturus
824 1515 926 1567 ubi
952 1514 1304 1579 compendia
1327 1514 1604 1579 quaedam
1625 1513 2049 1574 reserabuntur,
2072 1508 2093 1581 ΙΙ
2113 1513 2416 1566 antecesso-
2437 1525 2548 1569 A7v

219 1602 353 1639 rum
384 1586 714 1638 nostrorum
745 1588 961 1638 nimios
995 1592 1049 1638 et
1082 1585 1383 1638 indefessos
1420 1585 1652 1637 labores
1689 1585 2015 1650 plurimum
2047 1584 2416 1638 collevantia.

219 1658 387 1719 Haec,
417 1660 681 1722 inquam,
712 1660 774 1709 in
803 1657 1034 1710 duobus
1062 1657 1357 1722 prioribus
1384 1656 1545 1708 libris
1575 1659 1778 1708 ceteris
1806 1655 2180 1709 inservientia
2205 1671 2416 1721 propo-

218 1745 359 1781 nere
380 1728 705 1794 expeditius
727 1729 884 1789 duxi‚
912 1744 988 1780 ne
1011 1728 1206 1793 postea
1225 1730 1288 1780 in
1307 1728 1537 1793 reliquo
1558 1743 1752 1792 opere,
1775 1727 2016 1792 quando
2037 1727 2109 1779 de
2129 1742 2416 1792 apparen-

217 1802 310 1866 tijs
325 1800 456 1865 ipfis
469 1800 791 1852 limitandis
806 1806 861 1851 et
873 1799 1166 1852 salvandis
1180 1814 1308 1865 ago,
1329 1801 1631 1864 negotium
1644 1798 1793 1851 mihi
1806 1798 2089 1860 facessant‚
2111 1799 2271 1863 quod
2285 1798 2417 1865 alijs
2465 1818 2512 1854 20

217 1871 420 1924 nostris
447 1871 890 1924 antecessoribus
916 1872 1158 1923 evenisse
1177 1871 1368 1923 video,
1398 1869 1642 1924 Tertius
1666 1869 1813 1922 liber
1838 1867 2063 1922 odtavae
2088 1869 2334 1934 sphaerae
2362 1876 2416 1922 et

216 1942 473 1995 fixarum
486 1941 779 1994 stellarum
789 1941 1255 1994 verificationem
1270 1941 1614 2006 exquisitam
1629 1941 1961 1994 continebit.
1978 1940 2254 2006 Quartus
2264 1941 2416 1994 Solis

217 2019 272 2065 et
301 2014 504 2074 Lunae,
538 2013 872 2066 circuitibus
904 2015 1044 2065 ratis
1074 2014 1150 2065 ad
1177 2012 1424 2068 Terram
1457 2012 1849 2078 quiescentem
1880 2011 2125 2073 directi&
2158 2015 2416 2066 rationes

215 2084 483 2149 praecisas
509 2084 910 2150 suppeditabit.
935 2083 1205 2149 Ouinius
1230 2085 1488 2137 duorum
1512 2083 1908 2145 Planetarum,
1936 2086 2038 2149 qui
2063 2083 2263 2137 Solem
2289 2086 2415 2149 qui-

216 2156 367 2216 dem,
388 2156 483 2209 sed
504 2171 628 2208 non
646 2157 770 2208 una
788 2155 1035 2208 Terram
1055 2155 1340 2217 ambiunt,
1360 2162 1562 2221 utpote
1576 2155 1823 2208 Veneris
1841 2161 1896 2208 et
1913 2155 2214 2220 Mercurij,
2236 2170 2414 2220 appa·
2465 2174 2512 2211 2⁵

215 2229 433 2280 rentias
459 2227 752 2280 enodabit.
785 2227 1020 2281 Sextus
1045 2233 1246 2280 autem
1274 2227 1640 2292 reliquorum
1668 2229 1863 2288 trium,
1892 2226 2102 2279 scilicet
2131 2230 2180 2286 d*
2213 2231 2251 2286 22
2276 2233 2331 2280 et
2354 2225 2414 2292 b,

216 2301 317 2363 qui
338 2298 537 2351 Solem
556 2298 881 2351 ambientes
900 2298 1147 2351 Terram
1173 2305 1228 2351 et
1252 2305 1442 2351 totum
1469 2298 1888 2351 elementarem
1909 2298 2212 2351 Mundum
2231 2297 2414 2351 inclu-

215 2370 377 2431 dunt,
404 2369 858 2436 irregularitates
877 2370 1024 2423 visui
1050 2370 1243 2423 nostro
1269 2373 1632 2422 incurrentes
1652 2369 1911 2423 salvabit.
1941 2367 2264 2437 Septimus
2288 2369 2414 2423 lati-

214 2442 446 2493 tudines
468 2440 686 2494 horum
706 2444 970 2507 quinque
991 2442 1370 2494 Planetarum
1389 2441 1748 2502 scrutabitur,
1772 2443 1835 2493 in
1858 2440 2073 2506 quibus
2093 2443 2272 2494 etiam
2290 2456 2415 2495 non

214 2514 412 2565 minus
439 2528 621 2578 quam
647 2508 669 2581 ΙΙ
695 2513 827 2578 ipfis
852 2513 1316 2579 longitudinibus
1341 2513 1596 2565 multum
1622 2512 1817 2566 adhuc
1843 2512 1982 2565 latet
2007 2514 2236 2573 erroriS,
2263 2512 2414 2565 adeo
2447 2522 2527 2566 Ffr

214 2590 277 2635 ut
290 2583 697 2649 saepenumero
711 2586 774 2637 in
788 2584 941 2637 coelo
955 2585 1154 2637 boreae
1167 2584 1501 2637 sensibiliter
1514 2587 1897 2649 reperiantur,
1919 2599 2055 2636 cum
2071 2586 2135 2636 in
2150 2586 2414 2636 numeris

213 2654 550 2708 tabularum
570 2655 847 2708 australes
866 2662 1275 2721 proponantur
1296 2662 1350 2708 et
1371 2662 1626 2708 econtra.
1655 2656 1867 2721 Operis
1887 2661 2087 2708 autem
2109 2654 2288 2707 huius
2308 2670 2412 2720 pu-

213 2726 447 2779 blicatio
476 2725 672 2779 adhuc
701 2727 927 2793 aliquot
956 2742 1255 2780 annorum
1282 2727 1863 2792 procrastinationem
1894 2729 2068 2792 exigit
2076 2742 2089 2788 ;
2122 2728 2221 2778 vix
2253 2728 2413 2779 enim

212 2799 366 2850 intra
392 2800 870 2863 quinquennium
894 2799 990 2851 vel
1014 2799 1361 2851 sexennium
1387 2798 1607 2851 absolvi
1632 2801 1858 2863 poterit,
1886 2813 2080 2863 neque
2106 2797 2166 2850 id
2191 2803 2314 2850 tam
2336 2796 2412 2850 ob

213 2868 565 2921 immensum
585 2876 640 2922 et
660 2870 954 2923 diutinum
970 2870 1252 2931 laborem,
1274 2872 1376 2935 qui
1389 2871 1705 2935 requiritur
1717 2872 1782 2922 in
1794 2869 2127 2922 mediorum
2139 2874 2412 2921 motuum
2460 2886 2508 2922 35

214 2946 269 2991 et
296 2941 645 3004 potissimum
675 2940 1245 3009 προσθαφαιρέσεων
1272 2941 1486 2994 tabulis
1515 2943 1578 2993 in
1606 2940 1841 3007 fingulis
1869 2940 2125 2993 Planetis
2154 2939 2225 2993 de
2251 2955 2411 2993 novo

213 3011 551 3072 condendiS‚
573 3027 754 3076 quam
775 3013 934 3077 quod
953 3013 1152 3078 plures
1172 3012 1367 3065 adhuc
1387 3012 1705 3065 desiderem
1724 3014 1788 3064 in
1807 3011 2220 3064 remotioribus
2236 3017 2292 3064 et
2308 3011 2410 3064 So-

213 3080 332 3133 lem
351 3082 741 3135 ambientibus
759 3084 1015 3136 Planetis
1032 3083 1418 3150 acronychias
1439 3083 1888 3144 observationes,
1909 3082 2227 3149 praesertim
2245 3084 2310 3135 in
2328 3082 2410 3135 di-

212 3152 580 3205 stantioribus
601 3157 904 3207 eccentrici
923 3155 1066 3207 locis
1088 3155 1174 3219 (ut
1194 3155 1642 3208 cumveteribus
1661 3155 1889 3220 loquar,
1916 3170 2059 3207 nam
2078 3154 2286 3207 nostrae
2305 3153 2409 3220 hy-

213 3221 480 3287 potheses
505 3239 629 3276 non
654 3224 843 3277 solum
869 3226 1176 3292 epicyclos,
1202 3227 1298 3279 sed
1325 3229 1502 3279 etiam
1529 3228 1880 3279 eccentricos
1901 3232 1957 3278 et
1975 3231 2281 3291 aequantes
2303 3224 2408 3278 tol·
2458 3241 2505 3277 ιο

213 3293 363 3358 lunt)
393 3294 570 3359 idque
598 3297 947 3359 potissimum
975 3300 1037 3349 in
1061 3298 1098 3362 b
1123 3304 1177 3350 et
1203 3303 1264 3359 η,
1293 3300 1553 3350 maxime
1583 3304 1783 3350 autem
1811 3300 1875 3349 in
1903 3297 2024 3363 ipso
2048 3297 2086 3363 b
2110 3297 2185 3350 ob
2213 3302 2410 3349 motus

214 3366 341 3417 eius
366 3366 714 3428 tarditatem,
741 3373 806 3419 ut
830 3368 1144 3420 collatione
1164 3371 1228 3421 in
1246 3368 1339 3421 his
1359 3369 1635 3422 omnibus
1659 3384 1795 3422 cum
1813 3375 2094 3429 veterum,
2121 3369 2408 3432 imprimis

2209 3444 2408 3491 autem
