2632 4022
240 282 345 334 394
749 280 1443 334 ANNOTATIONES
1470 281 1939 335 EDITORUM

306 422 374 464 At
393 420 553 464 nihilo
575 421 749 464 minus
764 421 831 465 ab
847 420 1075 464 editione
1096 420 1406 464 destiterunt
1426 421 1666 474 heredes,
1688 433 1859 476 neque
1878 423 2014 466 ullus
2035 423 2444 477 quaternionum

229 493 344 548 jam
359 503 682 535 excusorum
697 495 898 535 restare
912 491 1134 535 videtur.
1157 492 1321 536 Nobis
1334 495 1519 536 tamen
1533 492 1688 536 facile
1702 493 2002 548 perspicere
2017 493 2153 547 licet,
2171 496 2443 549 quomodo

233 564 375 606 hunc
408 562 603 605 librum
634 563 930 606 secundum
958 563 1142 618 Tycho
1177 564 1426 607 ordinare
1453 564 1694 608 voluerit.
1732 564 1871 607 Nam
1900 565 1954 607 in
1982 565 2296 610 Praefatione
2327 567 2446 610 libri

233 634 405 689 primi,
435 645 594 688 quem
622 646 668 676 a.
695 633 808 676 1596
837 634 1026 686 emisit,
1053 634 1129 678 sic
1156 635 1388 689 loquitur
1412 635 1560 691 (tom.
1583 635 1653 678 VI
1674 648 1723 690 p.
1746 635 1858 688 22‚2³
1878 636 2033 693 sqq.):
2066 636 2445 681 »Continebunt

235 708 416 748 autem
435 705 490 747 hi
510 705 670 757 Libri,
694 717 828 759 quos
849 705 914 749 de
934 705 1177 760 Epistolis
1197 706 1355 750 edere
1377 707 1587 750 animus
1608 710 1701 759 est,
1724 719 1816 750 eas
1835 707 2171 762 potissimum
2190 711 2445 763 praestan-

232 776 561 820 tissimorum
590 775 828 820 virorum
859 777 928 820 ad
957 789 1045 820 me
1075 778 1228 821 datas
1260 777 1454 830 literas,
1489 790 1610 833 quae
1644 779 1709 822 de
1740 790 1798 822 re
1827 779 2203 823 Astronomica
2236 779 2444 823 affatim

234 851 413 903 agunt:
442 847 761 902 interpositis
786 851 969 891 tamen
995 860 1379 903 nonnunquam
1406 849 1519 904 alijs
1542 849 1922 905 Philosophicis
1950 850 2347 905 quaestionibus,
2375 852 2445 894 ad

232 918 515 973 Physicam
536 922 588 962 et
606 919 1020 973 Pyronomicum
1041 921 1339 975 praesertim
1360 920 1595 964 studium
1615 921 2009 975 pertinentibus.
2039 922 2297 976 Reliquas,
2324 934 2445 976 quae

232 1002 393 1045 penes
420 1002 507 1033 me
533 990 881 1045 reperiuntur,
913 991 1146 1035 eruditas
1173 991 1335 1035 etiam
1366 992 1666 1035 Doctorum
1691 992 1933 1036 virorum
1959 993 2152 1045 literas,
2185 996 2444 1047 quatenus

234 1062 300 1104 ab
333 1061 436 1105 hac
471 1061 696 1105 materia
726 1062 1004 1106 alieniores
1034 1066 1224 1115 essent,
1258 1063 1405 1106 hisce
1436 1063 1875 1107 intermiscendas
1906 1076 2015 1108 non
2047 1064 2187 1107 duxi.
2223 1064 2443 1108 Servavi

231 1144 360 1177 vero
381 1133 435 1176 in
453 1133 530 1188 ijs,
551 1145 684 1187 quas
704 1133 863 1177 edere
884 1134 1113 1187 decrevi,
1134 1135 1274 1178 hanc
1296 1134 1652 1189 dispositionis
1673 1135 2003 1188 methodum,
2028 1138 2086 1178 ut
2105 1147 2213 1179 non
2233 1147 2446 1191 semper

231 1204 507 1247 Annorum
534 1204 743 1256 seriem,
775 1205 965 1260 quibus
991 1206 1206 1261 scriptae
1233 1208 1369 1258 sunt,
1401 1206 1495 1248 sed
1521 1206 1695 1261 potius
1724 1218 2077 1261 personarum
2106 1209 2157 1250 et
2182 1207 2442 1259 locorum,

230 1278 345 1318 tum
369 1287 581 1330 quoque
608 1277 866 1330 materiae,
896 1289 1061 1332 quam
1081 1277 1367 1328 continent,
1395 1277 1658 1321 rationem
1686 1277 1982 1321 habuerim.
2012 1279 2243 1333 Ideoque
2270 1278 2443 1333 primo

229 1347 398 1391 Tomo
430 1348 887 1403 Landtgravianas
916 1349 1260 1392 solummodo
1291 1349 1566 1404 Epistolas,
1601 1349 1667 1392 de
1698 1349 1857 1393 rebus
1888 1349 2196 1393 Caelestibus
2228 1361 2444 1393 mecum

231 1420 524 1462 luculenter
550 1422 779 1475 agentes,
807 1432 915 1463 una
941 1431 1067 1463 cum
1094 1432 1216 1464 mea
1244 1421 1313 1463 ad
1339 1421 1568 1476 singulas
1595 1420 1955 1475 responsione,
1984 1422 2330 1476 complector.
2360 1421 2445 1464 Se-

232 1491 407 1533 cundo
428 1490 766 1534 Eruditorum
781 1494 833 1535 et
846 1491 1159 1536 Amicorum
1175 1492 1229 1534 in
1245 1492 1417 1535 Patria
1437 1494 1621 1535 nostra
1642 1491 1859 1546 eiusque
1879 1492 2073 1535 vicinia
2088 1492 2308 1544 Literas‚
2329 1495 2443 1535 tam

232 1561 571 1616 antiquiores,
603 1574 766 1616 quam
795 1563 1117 1607 recentiores
1147 1563 1309 1618 seligo
1339 1566 1391 1607 et
1418 1563 1472 1606 in
1500 1576 1667 1606 unum
1694 1575 1985 1618 compono:
2016 1564 2107 1608 ubi
2136 1563 2297 1606 etiam
2325 1563 2445 1606 Car-

231 1633 376 1676 mina
405 1634 674 1686 nonnulla,
713 1634 989 1689 Epistolari
1018 1635 1364 1689 utplurimum
1395 1635 1575 1687 modo,
1613 1635 1679 1678 de
1711 1635 1870 1678 rebus
1899 1635 2004 1678 huc
2033 1637 2303 1689 utcunque
2331 1646 2444 1690 per-

229 1704 530 1757 tinentibus,
559 1718 591 1748 a
618 1705 771 1749 nobis
797 1706 1065 1749 interdum
1092 1706 1256 1749 animi
1282 1717 1474 1749 caussa
1502 1706 1821 1761 conscripta,
1851 1707 2169 1750 intexuntur.
2194 1706 2368 1750 Tertio
2392 1709 2444 1749 et

231 1775 572 1830 sequentibus
593 1777 820 1820 aliorum
835 1789 865 1820 e
879 1777 1100 1821 diversis
1116 1777 1427 1832 Regionibus
1448 1778 1517 1820 ad
1538 1789 1625 1820 me
1645 1777 1806 1832 varijs
1825 1777 2156 1832 temporibus
2177 1779 2441 1829 exaratas,

230 1858 485 1901 measque
512 1848 883 1902 rescriptiones
910 1848 1246 1892 convenienti
1271 1848 1472 1901 ordine,
1505 1849 1683 1903 quoad
1710 1849 1821 1892 eius
1847 1848 1963 1892 fieri
1988 1851 2178 1903 potest,
2209 1849 2440 1900 colloco;

230 1918 320 1962 ubi
339 1918 407 1971 id,
431 1922 690 1973 quantum
710 1919 846 1971 licet,
870 1920 1116 1971 obserVO,
1138 1922 1196 1962 ut
1216 1920 1511 1963 eorundem
1525 1920 1827 1964 Authorum
1842 1920 2036 1963 Literae
2052 1922 2106 1963 in
2121 1932 2287 1963 unum
2304 1919 2444 1964 colli-

229 1993 434 2045 gantur,
456 1993 507 2033 et
527 2002 585 2033 se
606 1990 836 2034 invicem
857 1991 1265 2045 subsequantur,
1287 2003 1395 2035 non
1415 1991 1598 2035 habita
1618 1992 1814 2046 ubique
1835 1991 2275 2044 consideratione,
2298 1992 2442 2046 quod

231 2061 458 2105 aliorum
474 2062 720 2116 Epistolae
734 2065 976 2117 tempore
990 2063 1108 2114 sint,
1128 2063 1213 2106 vel
1235 2063 1543 2116 anteriores,
1565 2064 1649 2107 vel
1668 2063 1832 2107 etiam
1849 2063 2185 2118 posteriores.
2209 2062 2440 2117 Reliqua,

231 2144 351 2187 quae
370 2133 424 2175 in
444 2133 547 2176 hac
569 2133 912 2188 dispositione
933 2133 1093 2186 facta,
1115 2135 1199 2177 vel
1214 2134 1377 2177 etiam
1391 2146 1776 2189 nonnunquam
1790 2134 2153 2189 praetermissa
2167 2137 2303 2187 sunt,
2324 2146 2443 2189 pru-

230 2205 360 2247 dens
381 2207 431 2247 et
452 2204 710 2248 candidus
732 2206 927 2249 Lector
946 2205 1171 2260 ipsemet
1190 2205 1346 2249 facile
1366 2206 1662 2261 perspiciet,
1685 2209 1860 2261 atque,
1882 2206 1957 2249 uti
1977 2206 2209 2258 confido,
2237 2205 2442 2249 sincere

230 2275 673 2330 interpretabitur.
683 2292 702 2317 «

303 2346 620 2403 HuJusmodi
643 2347 761 2391 libri
781 2348 1000 2391 secundi
1022 2349 1413 2392 ordinationem
1432 2360 1490 2392 re
1511 2360 1641 2392 vera
1661 2351 2026 2404 praeparatam
2046 2360 2178 2400 esse,
2200 2360 2230 2392 e
2250 2348 2441 2392 codici-

231 2418 329 2461 bus
349 2418 613 2462 nonnullis
633 2419 793 2462 nitide
813 2419 866 2462 in
885 2420 1345 2475 typographorum
1362 2432 1520 2463 usum
1539 2420 1851 2475 conscriptis
1872 2419 2173 2475 perspicere
2192 2419 2329 2472 licet,
2350 2419 2440 2463 ubi

230 2490 525 2533 secundum
547 2494 794 2534 auctores
815 2491 1054 2545 epistulae
1076 2491 1336 2535 ordinatae
1357 2494 1493 2543 sunt,
1515 2492 1785 2546 praecipue
1800 2503 1829 2534 e
1843 2491 2030 2535 codice
2043 2490 2440 2535 Vindobonensi

230 2562 317 2603 lat.
354 2560 552 2613 1068666,
585 2573 614 2604 e
644 2573 749 2616 quo
780 2574 1034 2617 magnam
1063 2566 1274 2617 partem
1303 2563 1666 2618 epistularum,
1702 2575 1835 2617 quas
1866 2562 1952 2606 hic
1981 2565 2160 2606 tomus
2189 2562 2437 2614 continet,

230 2632 567 2686 sumpsimus.
598 2632 698 2676 Hic
726 2633 958 2687 primum
984 2633 1323 2677 inveniuntur
1347 2634 1587 2689 epistulae
1606 2633 1873 2689 Tychonis
1894 2635 1963 2677 ad
1982 2634 2314 2677 Thaddaeum
2335 2633 2440 2677 Ha-

230 2703 436 2757 gecium
457 2703 717 2759 hujusque
738 2705 806 2747 ad
825 2704 1153 2759 Tychonem‚
1177 2706 1365 2749 deinde
1386 2706 1579 2749 eodem
1599 2707 1765 2749 modo
1786 2705 2041 2760 epistulae‚
2065 2717 2197 2759 quas
2218 2705 2287 2748 ad
2307 2705 2439 2748 alios

230 2774 435 2817 amicos
456 2774 599 2818 dedit
618 2776 702 2818 vel
723 2776 791 2819 ab
812 2775 1000 2819 iisdem
1022 2777 1250 2831 accepit;
1274 2777 1362 2831 qui
1378 2777 1483 2821 hoc
1501 2777 1683 2820 ordine
1697 2777 1829 2820 alius
1845 2777 2008 2820 alium
2023 2776 2436 2831 subsequuntur:

231 2845 494 2889 Iohannes
514 2847 788 2899 Pratensis,
822 2847 1041 2891 Carolus
1069 2849 1339 2891 Danzaeus
1365 2851 1417 2890 et
1443 2848 1603 2892 Steno
1631 2848 1788 2901 Bilde‚
1818 2849 2007 2891 Paulus
2034 2847 2362 2891 Haintzelius
2388 2850 2439 2890 et

231 2916 484 2971 Georgius
505 2918 876 2971 Buchananus,
900 2918 1263 2973 Hieronymus
1276 2919 1519 2971 Wolfius‚
1542 2920 1807 2963 Iohannes
1823 2919 2012 2970 Maior,
2036 2918 2297 2962 Henricus
2318 2919 2439 2961 Bru-

231 2998 376 3030 caeus
401 2988 659 3045 (epistulae
681 2989 749 3032 ad
768 2990 1073 3033 Pratensem
1095 2993 1146 3033 et
1168 2991 1465 3034 Danzaeum
1487 2993 1539 3033 et
1559 2990 1845 3035 Stenonem
1866 2990 2009 3034 Bilde
2028 2989 2242 3044 scriptae
2262 2991 2347 3033 vel
2369 2990 2436 3033 ab

230 3058 418 3101 iisdem
445 3059 586 3102 datae
614 3060 775 3103 etiam
800 3060 854 3103 in
873 3060 1098 3104 Vindob.
1127 3061 1292 3104 106867
1315 3061 1683 3117 inveniuntur).
1712 3062 1953 3117 Epistulis
1980 3065 2159 3104 autem
2180 3062 2249 3104 ad
2270 3061 2438 3116 Hage-

231 3129 372 3171 cium
386 3130 592 3184 scriptis
606 3131 887 3185 praemissa
902 3135 981 3175 est
994 3132 1256 3187 praefatio,
1273 3145 1437 3187 quam
1451 3133 1719 3188 excipiunt
1733 3133 1971 3188 epistulae
1987 3132 2239 3187 quaedam
2254 3132 2438 3176 Hiero-

230 3200 379 3253 nymi
401 3201 628 3244 Munosii
649 3203 718 3245 ad
738 3203 1196 3247 Bartholomaeum
1223 3203 1616 3256 Reisacherum‚
1646 3204 1864 3259 Hagecii
1884 3204 1952 3247 ad
1975 3203 2294 3255 Munosium‚
2324 3203 2436 3246 Mu-

230 3270 362 3313 nosii
393 3272 460 3313 ad
492 3272 785 3327 Hagecium
814 3273 899 3330 (cf.
923 3274 1214 3328 Progymn.
1248 3287 1296 3329 p.
1325 3275 1428 3327 567,
1458 3279 1588 3318 tom.
1621 3276 1692 3317 III
1722 3288 1771 3330 p.
1800 3275 1944 3332 82‚³0).
1977 3275 2110 3326 Quae
2140 3274 2319 3318 omnia
2348 3273 2435 3317 hic

230 3341 535 3385 subicimus.
