2632 4022
103 1092 145 1127 lo

83 1441 169 1484 21v

273 291 576 344 TYCHO
605 291 726 344 AD
755 290 1220 345 HUGONEM
1248 290 1650 344 BLOTIUM
1677 290 1752 344 20
1779 292 2042 345 MART.
2072 291 2218 346 1592
2292 292 2396 345 329

191 450 334 488 cem.
366 434 545 499 Quod
575 441 630 486 et
659 434 818 499 apud
847 434 1036 500 ipsum
1066 434 1545 496 GERARDUM,
1576 435 1617 486 fi
1645 435 1730 486 illi
1759 438 1920 501 prius
1950 452 2132 501 quam
2162 436 2396 488 Parenti

191 509 318 558 eius
338 505 672 570 scripserim,
693 506 994 571 praestabO.
1016 507 1212 571 Atque
1232 509 1281 558 is
1302 505 1512 559 rectius
1533 506 1793 572 reliquos
1812 507 1963 568 sum,
1985 508 2056 560 de
2078 508 2292 572 quibus
2312 507 2395 559 lo-

192 579 405 642 queriS,
433 577 894 642 consangvineos
921 580 1101 638 novit,
1130 577 1343 642 eosque
1370 580 1456 630 tui
1480 593 1776 630 memores
1802 579 2017 631 reddet.
2046 579 2194 631 Sunt
2220 581 2396 638 enim,

191 656 316 700 tum
343 650 393 700 is
418 655 546 700 tum
576 651 754 700 etiam
783 649 881 714 alij
912 648 1198 701 Holsatiae
1226 649 1564 701 Nobilitatis
1595 652 1790 715 eximij
1820 653 1947 711 viri,
1977 650 2296 715 praesertim
2326 665 2399 702 ex

193 722 281 785 ijs,
315 721 418 784 qui
450 725 677 771 exteras
709 723 980 771 nationes
1009 719 1411 784 perlustrando
1441 723 1745 773 variorum
1773 720 2089 773 hominum
2117 737 2313 773 mores
2344 728 2398 773 et

192 789 453 843 ac'tiones
486 793 709 855 experti
740 790 885 851 sunt,
919 791 993 843 ab
1026 791 1411 843 humanitatis
1444 791 1652 857 officijs
1685 808 2069 857 nequaquam
2102 793 2299 854 alieni,
2336 799 2400 844 ut

192 877 317 914 non
337 862 614 922 dubitem,
636 864 707 927 ijs
728 861 884 914 hanc
898 862 1098 914 vestrae
1114 863 1570 915 conversationis
1587 866 2081 916 memorationem
2099 871 2400 929 acceptam

193 933 470 985 futuram.

265 1004 477 1057 Scribis
497 1006 560 1055 in
581 1003 947 1056 Bibliotheca
967 1005 1369 1069 Imperatoria,
1395 1008 1489 1057 cui
1509 1006 1759 1058 Viennae
1780 1021 1985 1070 praeeS,
2014 1006 2294 1059 reservari
2313 1006 2399 1058 ul-

194 1082 284 1128 tra
314 1075 492 1128 90000
521 1075 808 1127 librorum
836 1075 1162 1128 volumina.
1196 1076 1256 1128 Si
1288 1079 1486 1141 itaque
1518 1076 1716 1129 liceret
1746 1084 1800 1129 et
1828 1077 1931 1129 tibi
1962 1093 2400 1143 nonnunquam

195 1150 382 1199 otium
401 1146 742 1211 suppeteret,
766 1154 1032 1211 optarem
1052 1147 1201 1199 mihi
1214 1147 1558 1199 Authorum
1577 1148 1817 1200 illorum
1837 1152 2100 1210 nomina,
2122 1151 2246 1201 una
2266 1165 2401 1201 cum

194 1218 480 1271 librorum
518 1218 879 1283 fingulorum
916 1218 1305 1283 inscriptione,
1344 1219 1664 1283 praesertim
1703 1235 1823 1284 quo
1862 1220 1937 1272 ad
1973 1220 2400 1285 Philosophica‚

196 1289 639 1350 Mathematica‚
668 1289 1092 1351 Astronomica‚
1121 1290 1359 1341 Medica
1386 1297 1440 1341 et
1467 1290 1759 1356 Chymica
1783 1298 1960 1355 atque
1986 1291 2194 1344 fimilia
2221 1307 2403 1356 opera

195 1363 416 1413 attinet.
438 1360 602 1412 Idem
622 1376 861 1426 quoque
878 1363 941 1412 in
958 1361 1216 1412 Illustriss.
1231 1361 1583 1413 Archiducis
1597 1362 1846 1413 Austriae
1862 1363 2403 1414 MAXIMILIANI

196 1439 374 1496 atque
406 1431 679 1492 aliorum,
712 1432 754 1483 fi
786 1448 936 1496 quos
969 1431 1130 1492 nosti,
1167 1432 1482 1484 Illustrium
1513 1435 1778 1484 virorum
1811 1433 2188 1486 Bibliothecis
2221 1430 2242 1502 ΙΙ
2275 1434 2403 1485 fieri

196 1519 458 1564 averem;
487 1503 669 1555 modo
695 1504 755 1555 id
779 1503 940 1556 bona
965 1519 1175 1555 eorum
1200 1519 1345 1568 pace
1372 1504 1727 1556 admittatur.
1759 1504 1862 1556 Sin
1887 1508 2102 1565 minuS,
2133 1506 2275 1557 nolo
2301 1504 2404 1557 tibi

196 1574 527 1639 periculum
546 1574 642 1626 vel
662 1573 914 1627 offensas
933 1590 1070 1627 mea
1090 1575 1162 1627 de
1182 1575 1357 1627 causa
1377 1578 1578 1627 creari.

269 1645 429 1709 Quia
448 1661 591 1698 vero
612 1647 782 1698 Arcis
803 1646 1270 1711 Uraniburgicae‚
1298 1662 1481 1711 quam
1504 1650 1567 1698 in
1590 1647 1703 1699 hac
1724 1646 1919 1699 Insula
1938 1648 2404 1712 praecedentibus

197 1720 372 1770 annis
399 1720 589 1769 extrui
616 1720 835 1778 curavi,
862 1720 1228 1770 mentionem
1253 1717 1413 1779 faciS‚
1443 1721 1569 1770 eius
1596 1718 1921 1783 aliqualem
1947 1719 2405 1784 repraesentatio-

104 1804 185 1847 205·
199 1804 340 1840 nem
365 1789 468 1840 tibi
494 1791 557 1840 in
583 1787 860 1841 adiuncta
886 1789 1090 1841 charta
1115 1791 1299 1841 mitto,
1327 1790 1486 1842 Licet
1512 1789 1586 1841 ab
1614 1805 1685 1842 eo
1711 1797 1993 1854 tempore,
2023 1806 2143 1855 quo
2169 1790 2299 1843 haec
2325 1794 2406 1842 ita

106 2162 151 2196 25

112 3230 158 3264 40

198 1863 262 1912 in
289 1876 428 1912 eum
453 1860 702 1912 modum
729 1860 918 1912 excisa
941 1860 1088 1922 sunt,
1115 1861 1424 1921 nonnulla,
1454 1861 1774 1925 praesertim
1801 1877 1921 1926 quo
1948 1862 2024 1914 ad
2049 1862 2275 1914 vallum
2302 1865 2405 1914 cir-

199 1931 466 1983 cundans
488 1938 543 1983 et
563 1930 815 1984 aedificia
834 1934 898 1983 in
918 1934 1046 1983 eius
1066 1938 1321 1996 quatuor
1341 1932 1572 1997 angulis
1591 1936 1867 1993 extantia,
1888 1936 2200 1986 immutata
2214 1941 2269 1985 et
2283 1949 2405 1986 am-

198 2003 389 2067 pliora
420 2003 647 2055 reddita
678 2002 800 2063 fint,
834 2009 890 2055 et
918 2003 1304 2055 Instrumenta
1331 2003 1741 2056 Astronomica
1770 2004 1959 2068 plura,
1992 2012 2115 2057 tam
2145 2007 2208 2056 in
2237 2006 2407 2056 Arcis

154 2082 157 2083 ’
199 2073 493 2126 turriculis
506 2090 688 2138 quam
701 2075 1052 2139 potissimum
1062 2077 1125 2126 in
1137 2074 1371 2140 Cryptis
1384 2075 1732 2139 quibusdam
1743 2075 1819 2127 ad
1831 2075 2043 2127 collem
2055 2083 2218 2128 extra
2228 2076 2408 2128 huius

199 2147 444 2205 moem'a,
466 2161 498 2196 e
518 2145 714 2197 solidis
734 2146 1029 2210 lapidibus
1050 2144 1398 2206 constructi&
1421 2162 1557 2210 quae
1577 2146 1843 2211 septenas
1859 2147 2064 2199 diverfi
2077 2150 2307 2212 generis
2321 2150 2407 2199 in-

199 2223 399 2282 gentes
411 2224 466 2269 et
476 2216 699 2269 affabre
715 2217 1046 2269 elaboratas
1059 2217 1133 2269 ad
1146 2217 1537 2269 Astronomiae
1553 2220 1855 2283 negotium
1870 2221 1976 2270 rite
1993 2219 2409 2283 exequendum

200 2288 578 2340 inservientes
618 2286 923 2340 distinclim
962 2287 1428 2353 complectuntur
1466 2289 1800 2350 MachinaS‚
1834 2288 2112 2342 hincinde
2144 2290 2410 2355 disposita

202 2359 464 2420 existunt,
485 2360 636 2412 adeo
657 2366 720 2411 ut
740 2363 861 2412 iam
883 2358 1209 2412 coniunclis
1228 2362 1317 2426 ijs,
1339 2376 1474 2425 quae
1489 2363 1551 2412 in
1565 2362 1718 2412 Arce
1736 2361 2054 2421 servantur,
2076 2361 2223 2413 mihi
2243 2362 2313 2414 28
2333 2361 2408 2413 ad

201 2433 519 2482 minimum
551 2433 614 2483 in
645 2438 923 2496 promptu
954 2431 1060 2483 fint
1088 2431 1513 2484 Astronomicae
1544 2432 1904 2484 Restitutioni
1936 2439 2271 2497 opportuna
2301 2432 2408 2485 Or-

202 2518 373 2567 gana,
388 2502 636 2563 solertia,
651 2503 870 2564 labore,
884 2502 1207 2568 sumptibus
1221 2503 1664 2555 inaestimabilia.
1687 2503 1851 2566 Quin
1868 2510 1938 2564 et,
1957 2511 2021 2555 ut
2034 2504 2409 2569 aliquatenus

204 2576 532 2626 etiamnum
559 2574 886 2639 cognoscas,
919 2574 1060 2638 quid
1086 2577 1394 2638 praeteritis
1421 2577 1593 2626 annis
1620 2573 1713 2626 his
1740 2575 2286 2627 intermediantibus
2314 2591 2409 2627 ex-

203 2651 406 2696 ecutus
421 2644 541 2706 fim,
563 2646 823 2710 quidque
838 2649 901 2697 in
916 2661 978 2697 re
993 2646 1401 2698 Astronomica
1415 2646 1866 2711 redintegranda
1880 2646 2109 2707 moliar,
2132 2662 2207 2699 en
2227 2647 2410 2699 habes

204 2716 472 2781 Operum
492 2716 838 2778 nostrorum,
859 2718 1039 2777 brevi,
1060 2717 1294 2769 favente
1311 2717 1651 2769 Coelestium
1667 2716 1911 2782 Opifice,
1934 2720 1995 2769 in
2012 2718 2206 2770 lucem
2223 2717 2409 2783 publi-

204 2802 336 2839 cam
357 2787 828 2853 evulgandorum
848 2791 1301 2852 quaternionem
1321 2791 1596 2852 primum,
1625 2789 1952 2840 eorundem
1972 2789 2411 2854 Inscriptionem

207 2866 384 2923 atque
417 2866 692 2911 contenta
723 2860 997 2912 brevibus
1031 2867 1442 2923 exponentem.
1475 2860 1694 2911 Addidi
1723 2867 1924 2912 autem
1954 2860 2216 2912 consulto
2245 2867 2413 2913 terna

207 2929 464 2981 eiusdem
494 2933 901 2994 quaternionis
932 2931 1219 2995 exempla,
1250 2938 1314 2982 ut
1342 2931 1382 2982 fi
1412 2934 1513 2995 qui
1542 2930 1689 2983 forte
1718 2930 1934 2983 fuerint
1963 2934 2113 2983 inter
2141 2931 2412 2984 vestrates

206 3001 568 3064 Bibliopolas
598 3009 700 3053 aut
730 3004 908 3053 etiam
934 3004 997 3053 in
1023 3004 1257 3062 vicinia,
1289 3004 1391 3066 qui
1416 3002 1634 3054 horum
1659 3002 2036 3054 voluminum
2063 3003 2289 3067 aliquot
2316 3019 2410 3055 ex-

207 3071 494 3136 emplaria
513 3072 659 3124 iusto
683 3075 869 3137 pretio
891 3073 1154 3125 obtinere
1176 3076 1431 3138 cupiant,
1459 3073 1574 3124 illis
1601 3073 1757 3125 hanc
1783 3073 2069 3126 librorum
2095 3075 2411 3139 inscriptio-

206 3158 345 3194 nem
373 3146 813 3195 communicare
841 3151 1017 3208 atque
1039 3159 1175 3196 cum
1200 3147 1272 3209 ijs
1296 3144 1367 3196 de
1388 3160 1640 3196 numero
1662 3145 2121 3210 Exemplarium,
2150 3161 2285 3210 quae
2313 3146 2412 3198 ad-

207 3213 366 3278 ipisci
386 3213 667 3279 satagunt‚
689 3215 880 3279 deque
901 3217 1087 3280 pretio
1107 3215 1434 3280 transigere,
1457 3231 1528 3268 eo
1550 3217 1919 3268 commodius
1941 3233 2142 3282 queas,
2165 3217 2343 3280 Quod
2359 3224 2413 3269 et

206 3292 262 3336 te
277 3301 413 3336 meo
429 3288 672 3337 nomine
691 3285 854 3338 haud
871 3289 1158 3351 gravatim
1171 3285 1463 3339 facturum
1478 3286 1729 3339 confid0.
1751 3288 1937 3340 Erunt
1951 3296 2207 3353 quatuor
2220 3288 2412 3347 Tomi,

209 3372 466 3420 quorum
496 3357 738 3421 quilibet
766 3357 1174 3422 semiquinque
1204 3361 1427 3410 circiter
1456 3358 1796 3424 adimplebit
1826 3359 2177 3424 Alphabeta,
2210 3362 2273 3411 in
2302 3360 2414 3411 hac

350 3439 397 3473 42
2213 3430 2414 3496 Regali
