2644 4030
240 293 333 345 122
772 288 1210 342 EPISTOLAE
1236 285 1906 340 ASTRONOMICAE

241 432 290 477 [E
311 430 455 469 codice
476 428 794 466 Vindobonensi
812 429 880 466 lat.
905 427 1075 473 10686461
2485 427 2514 470 ἢ·

242 504 919 581 CLARISSIMO
956 502 1536 594 VARIOQUE
1580 501 2434 576 DOCTRINARUM
2481 528 2538 569 sv

297 609 615 663 GENERE
642 606 1208 661 ERUDITISSIMO
1235 606 1422 659 VIRo
1450 605 1524 659 D.
1545 605 1978 659 THADDAEo
2005 605 2380 659 HAGECIO

368 693 473 744 AB
501 691 740 753 HAYK,
767 689 1331 744 PHILOSOPHIAE
1358 688 1457 741 ET
1483 689 1915 742 MEDICINAE
1942 688 2302 742 DocToRI

514 774 823 836 EXIMIO,
850 773 1120 827 AMICO
1148 772 1440 897 MEOSIN
1466 772 1730 826 PRIMIS
1757 771 2164 826 COLENDO.
2480 789 2509 896 Ξ

480 980 490 998 s
523 997 525 1002 .
604 931 668 1030 ξ)
710 927 953 981 CRIPSI
983 927 1058 980 ad
1087 933 1143 980 te
1172 930 1441 993 proxime
1471 926 1666 993 elapso
1694 926 1893 979 mense
1919 927 2107 988 Maio,
2138 929 2357 992 optime
2385 933 2439 979 et

460 1051 471 1067 ‚
522 1003 574 1073 ψ
600 1025 651 1048 *21
709 1000 1091 1053 amantissime
1112 999 1186 1052 D.
1209 999 1283 1052 D.
1302 998 1745 1059 THADDAEE,
1771 1014 1876 1064 per
1898 997 2234 1051 Studiosum
2257 1014 2438 1064 quen-

375 924 397 950 ?
430 955 443 971 ,
472 955 484 966 s
530 926 614 980 ἰς

570 979 600 1009 a

432 1112 474 1147 ᾖ,
531 1060 670 1189 {Q
710 1071 850 1124 dam
875 1070 1158 1132 Silefium,
1189 1073 1291 1136 qui
1316 1086 1413 1123 me
1440 1086 1577 1123 cum
1603 1069 1952 1135 quibusdam
1976 1069 2108 1136 alijs
2132 1076 2272 1123 tunc
2297 1076 2438 1122 tem-

292 1202 295 1204 ,
484 1151 498 1167 ‘·
534 1180 541 1203 χ,
586 1160 627 1214 ³?
708 1145 868 1208 poris
887 1142 1176 1204 inviserat,
1203 1143 1445 1207 unaque
1470 1141 1689 1194 librum
1707 1140 2028 1194 secundum
2049 1144 2242 1206 operis
2264 1141 2439 1194 nostri
2492 1157 2535 1193 10

261 1209 357 1289 ἅμ
410 1221 508 1282 φ’.»
564 1193 671 1291 ἦῆ
710 1214 782 1267 de
820 1213 1241 1267 recentioribus
1278 1213 1520 1267 aetherei
1558 1213 1777 1265 Mundi
1808 1212 2225 1265 Phaenomenis
2262 1212 2439 1266 trans-

308 1274 402 1311 ‘²³²
511 1279 638 1312 *9
709 1285 852 1347 mili,
885 1301 1064 1351 quem
1092 1301 1218 1338 non
1247 1285 1448 1338 dubito
1477 1291 1533 1338 te
1562 1284 1914 1337 iamdudum
1941 1285 2066 1336 una
2094 1299 2230 1336 cum
2260 1283 2440 1336 literis

238 1355 353 1408 illis
378 1357 665 1421 accepisse.
693 1355 854 1421 Quia
872 1372 1014 1409 vero
1041 1356 1191 1409 nihil
1216 1359 1443 1410 interea
1467 1355 1719 1422 responsi
1738 1371 1776 1408 a
1793 1362 1849 1408 te
1875 1357 2212 1420 receperim,
2240 1361 2295 1408 et
2319 1354 2441 1421 post

238 1442 461 1492 paucos
480 1427 707 1480 menses
726 1428 935 1494 hyems
955 1431 1235 1494 ingruens
1255 1428 1734 1481 commoditatem
1753 1426 1871 1479 huc
1890 1426 2173 1480 scribendi
2195 1426 2440 1491 praeclu-

240 1499 350 1560 det,
371 1514 496 1551 non
514 1500 1018 1552 intermittendum
1038 1500 1196 1562 duxi,
1217 1502 1362 1565 quin
1381 1506 1437 1552 te
1456 1498 1609 1551 hisce
1623 1499 1898 1552 brevibus
1913 1499 2112 1551 denuo
2127 1498 2440 1564 compella·
2494 1514 2536 1549 15

239 1585 382 1632 rem,
406 1577 470 1623 ut
489 1570 925 1636 rescriptionem
944 1577 1242 1624 maturare
1263 1587 1387 1624 non
1406 1573 1832 1632 intermittereS,
1861 1572 2036 1635 cupio
2056 1576 2257 1623 autem
2276 1576 2441 1622 tuam

239 1641 585 1694 sententiam
605 1642 948 1708 cognoscere
969 1643 1040 1695 de
1061 1645 1149 1709 ijs,
1177 1658 1313 1708 quae
1338 1641 1484 1695 liber
1506 1642 1604 1695 iste
1623 1642 1726 1694 tibi
1744 1642 1937 1693 missus
1957 1644 2232 1702 continet,
2258 1647 2440 1706 utque

239 1715 495 1779 ingenue
515 1729 649 1767 eam
667 1714 738 1766 de
755 1713 1006 1780 finguIiS,
1027 1715 1130 1767 ubi
1145 1729 1295 1779 opus
1307 1713 1614 1775 videbitur,
1634 1712 1783 1765 mihi
1802 1712 2136 1778 perscribaS,
2157 1728 2316 1778 rogo,
2338 1712 2441 1765 Fe-

241 1787 387 1837 ceris
411 1784 560 1837 mihi
585 1784 699 1838 hac
723 1787 787 1837 in
811 1792 976 1850 parte
1001 1801 1128 1838 rem
1154 1792 1397 1851 gratam.
1424 1785 1568 1838 Non
1588 1786 1748 1837 enim
1767 1799 1903 1837 mea
1922 1786 2004 1836 ita
2022 1783 2172 1836 mihi
2190 1784 2439 1849 placent,

241 1858 386 1920 quin
411 1855 668 1908 aliorum
694 1856 765 1909 de
791 1856 884 1909 his
909 1857 1156 1909 libenter
1174 1856 1450 1910 sufferam
1475 1856 1777 1916 iudicium,
1805 1855 2310 1920 quemadmodum
2333 1870 2440 1920 ego
2490 1870 2536 1905 20

241 1933 296 1979 et
315 1926 387 1979 de
406 1929 521 1979 tuis
543 1933 598 1980 et
617 1927 874 1980 aliorum
900 1928 1278 1993 quorundam
1302 1928 1521 1994 scriptis
1548 1930 1702 1980 circa
1726 1926 1882 1979 hanc
1907 1929 2235 1987 materiam,
2260 1926 2441 1979 fretus

239 1997 502 2051 libertate
521 1998 933 2064 Philosophica
952 2006 1007 2051 et
1026 2002 1285 2052 veritatis
1312 1998 1683 2064 inquirendae
1708 1998 1911 2059 studiO,
1937 1997 2118 2050 libere
2139 1997 2300 2063 quod
2318 1997 2440 2050 sen-

239 2071 383 2122 tiam
407 2069 659 2135 profer0,
687 2070 902 2136 absque
925 2077 1126 2123 tamen
1149 2070 1328 2123 ullius
1347 2070 1584 2123 laeflone
1605 2069 1884 2122 mordaci.
1911 2069 2176 2122 Primum
2194 2075 2440 2130 tomum,

241 2143 342 2206 qui
368 2140 440 2193 de
467 2141 646 2194 Stella
670 2141 773 2194 illa
798 2157 958 2195 nova
983 2141 1310 2194 luculenter
1338 2145 1470 2208 agit,
1502 2148 1557 2194 et
1584 2144 1836 2202 tertium,
1867 2143 1969 2205 qui
1998 2140 2069 2193 de
2097 2139 2282 2193 tribus
2310 2140 2442 2206 alijs

239 2212 566 2265 minoribus
587 2212 850 2266 Cometis
875 2213 1247 2279 postmodum
1271 2213 1403 2266 vifis
1430 2229 1462 2266 e
1488 2215 1657 2266 certis
1683 2212 2184 2265 observationibus
2207 2211 2440 2264 Mathe·
2490 2227 2536 2262 2⁵

239 2286 451 2336 matice
477 2300 603 2336 rem
630 2300 872 2337 omnem
896 2283 1115 2346 tractat,
1142 2284 1308 2351 spero
1333 2300 1429 2337 me
1452 2300 1557 2350 per
1578 2283 1854 2351 hyemale
1874 2286 2078 2345 otium,
2105 2282 2338 2336 favente
2359 2282 2440 2335 di-

239 2358 381 2408 vina
410 2355 758 2417 Clementia,
789 2356 1210 2418 absoluturum,
1240 2362 1305 2408 ut
1333 2372 1405 2410 ea
1433 2358 1637 2409 omnia
1666 2355 1742 2408 ad
1771 2354 2167 2420 colophonem
2195 2351 2443 2407 deduc‘ta

239 2425 577 2479 vernalibus
592 2427 893 2480 Nundinis
907 2427 1276 2481 Francofurti
1288 2428 1720 2480 venundentur.
1735 2427 1950 2479 Prioris
1963 2428 2110 2478 tomi
2124 2425 2443 2478 editionem

243 2497 459 2551 Gallici
478 2498 761 2565 privilegij
785 2496 1059 2561 defectuS,
1081 2499 1242 2564 quod
1257 2499 1530 2552 Caesareo
1546 2514 1651 2564 per
1666 2504 1722 2550 te
1739 2497 1887 2550 mihi
1901 2503 2215 2563 procurato
2228 2499 2292 2548 in
2306 2511 2442 2562 ope-

241 2572 318 2621 ris
332 2569 686 2635 frontispicio
700 2570 1020 2636 adiungere
1035 2571 1283 2632 decrevi,
1304 2569 1589 2624 hactenus
1602 2569 1934 2630 retardavit,
1954 2574 2129 2634 prout
2147 2568 2232 2633 (ni
2244 2567 2440 2632 fallor)
2491 2583 2538 2618 30

240 2643 304 2692 in
323 2640 543 2693 ultimis
563 2643 742 2694 etiam
760 2641 940 2694 literis
960 2641 1063 2694 tibi
1081 2642 1355 2695 indicavi.
1370 2642 1595 2694 Verum
1608 2656 1744 2693 cum
1758 2655 1917 2693 nunc
1932 2639 2316 2693 Gallicanum
2328 2638 2443 2691 hoc

242 2712 487 2777 adeptus
515 2712 635 2773 fim,
667 2719 723 2765 et
750 2712 985 2778 insuper
1012 2713 1412 2780 Anglicanum
1440 2712 1630 2765 indies
1660 2709 1976 2778 expectem,
2007 2710 2158 2763 nihil
2186 2710 2441 2771 obstabit,

243 2799 362 2848 quo
391 2786 589 2861 minus
620 2784 800 2837 telam
832 2784 1174 2837 inchoatam
1203 2791 1506 2850 pertexere
1536 2786 1820 2848 omnique
1850 2799 1923 2835 ex
1951 2788 2114 2848 parte
2144 2781 2443 2834 absolvere

243 2854 557 2907 elaborem.
577 2854 671 2907 Tu
690 2858 925 2908 interim
944 2856 1309 2909 intermediae
1329 2855 1490 2908 illius
1508 2858 1689 2920 partis
1713 2853 1816 2906 tibi
1841 2853 2171 2906 transmissae
2196 2854 2441 2918 penitio-

243 2940 368 2976 rem
394 2925 846 2991 disquisitionem
871 2943 996 2979 non
1021 2930 1352 2988 intermitte,
1379 2934 1667 2992 tuumque
1688 2919 1710 2994 11
1731 2926 1802 2978 de
1822 2924 1934 2977 hac
1954 2924 2239 2977 iudicium
2259 2923 2443 2988 (quod
2485 2931 2543 2974 3v

243 2998 405 3061 prius
434 2999 612 3049 etiam
641 2997 916 3062 expetivi)
946 3005 1082 3051 ante
1112 2998 1390 3065 hyemem
1417 3001 1610 3064 prima
1638 3012 1875 3063 quaque
1906 2995 2206 3048 occasione
2234 2993 2441 3047 suffici-

245 3073 408 3119 enter
439 3074 494 3119 et
525 3070 779 3133 ingenue
810 3069 1110 3134 perscribe.
1146 3070 1538 3123 Commodius
1569 3075 1770 3121 autem
1803 3070 1908 3119 erit
1937 3065 2310 3119 Rostochium
2342 3081 2443 3118 eas

244 3140 470 3190 mittere
490 3138 687 3191 literas
701 3140 777 3192 ad
791 3139 1111 3194 Doctorem
1125 3140 1567 3194 HENRICUM
1583 3138 2024 3199 BRUCAEUM,
2044 3137 2140 3190 vel
2158 3140 2221 3189 in
2241 3136 2443 3190 aulam

245 3208 501 3262 Illustriss.
535 3210 817 3275 Principis
845 3211 1031 3264 Ducis
1060 3212 1447 3265 ULDARICI
1477 3210 1923 3276 Megapolitani,
1956 3209 2031 3262 ad
2063 3208 2238 3273 ipfius
2268 3206 2442 3260 Celsis

246 3279 702 3342 Cancellarium‚
724 3281 797 3333 D.
814 3282 889 3334 D.
905 3283 1286 3336 IACOBUM
1302 3281 1821 3341 BORDINGUM‚
1838 3283 2132 3333 autetiam
2146 3280 2443 3332 Lubecam
2491 3293 2538 3328 40

245 3350 320 3402 ad
341 3350 866 3405 FRANCISCUM
887 3353 1340 3415 KNOCKERT,
1361 3354 1677 3406 Patricium
1695 3359 1748 3404 et
1766 3352 2110 3404 Senatorem
2130 3350 2307 3410 urbiS,
2327 3349 2441 3402 five

2224 3420 2442 3473 ibidem
