2644 4030
279 292 382 343 308
811 289 1249 341 EPISTOLAE
1274 288 1944 341 ASTRONOMICAE

277 434 378 485 sub
398 435 655 484 veritatis
676 432 951 483 incudem
971 446 1406 491 revocaveram‚
1430 430 1903 495 deviationesque
1919 447 2270 497 aperueram
2285 439 2339 484 et
2351 448 2475 485 mo-

278 504 426 556 deste
446 505 731 555 taxatam.
758 503 1039 554 Attamen
1059 508 1290 553 tantum
1311 502 1479 563 abest,
1507 509 1571 554 ut
1595 502 1655 554 id
1681 502 1805 554 ullo
1827 500 1998 567 pacto
2018 503 2221 568 inipso
2242 504 2476 556 moleste

277 575 479 633 feram,
508 574 667 637 quod
695 576 872 625 etiam
898 573 1011 624 hoc
1037 572 1186 624 mihi
1212 575 1478 638 apprime
1505 579 1735 638 gratum
1761 573 1840 635 fit,
1867 573 2149 639 laeterque
2174 590 2270 626 me
2291 577 2354 627 in
2373 575 2476 627 illo

276 646 548 697 invenisse
570 644 1030 709 Antagonistam,
1053 647 1155 708 qui
1176 644 1350 696 ausus
1370 644 1544 696 fuerit
1563 644 1767 696 nostris
1787 645 2081 697 nonnulla
2100 661 2477 711 quocumque

276 717 516 770 tandem
541 718 1005 768 ratiocinationis
1031 722 1320 780 praetextu
1346 731 1658 780 exponere.
1688 715 1780 768 Sic
1802 719 1962 767 enim
1980 719 2195 768 veritas
2216 717 2352 781 ipsa,
2381 733 2476 769 ex·
2526 735 2548 769 5

276 788 464 853 penfis
487 787 831 851 semotisque
858 789 945 852 ijs,
975 803 1110 851 quae
1130 789 1193 838 in
1215 789 1575 839 contrarium
1595 787 1808 839 adduci
1828 803 1864 839 a
1885 803 2189 852 quoquam
2209 788 2476 853 plaufibi-

276 860 405 911 liter
424 861 692 922 poterint,
714 857 924 910 rectius
940 864 995 910 et
1007 857 1240 922 plenius
1256 858 1535 909 elucescit.
1559 858 2084 921 Quemadmodum
2098 874 2171 910 ex
2184 859 2479 925 Apologia

276 930 483 990 nostra,
512 945 693 994 quam
721 932 898 981 etiam
921 929 983 993 (s1
1002 927 1154 981 recte
1174 929 1442 993 memini)
1469 928 1566 981 hic
1592 929 1894 994 inspexisti,
1923 929 2080 982 illius
2107 937 2477 995 argumenta-

276 1005 466 1053 tiones
493 1001 718 1053 affatim
745 1000 1020 1061 diluente,
1047 1016 1173 1052 non
1199 1000 1438 1052 obscure
1464 1001 1663 1065 liquet.
1693 1001 1893 1064 Quam
1914 1007 1968 1052 et
1988 1001 2336 1066 magnificus
2356 1001 2477 1053 Do-

276 1076 473 1124 minus
495 1072 845 1124 IACOBUS
867 1071 1226 1132 CURTIUS,
1249 1071 1538 1124 Caesareae
1559 1072 1880 1124 Maiestatis
1901 1079 2077 1136 atque
2092 1072 2325 1138 Imperij
2343 1073 2477 1124 Pro·
2532 1089 2574 1124 10

277 1144 678 1203 cancellarius,
694 1146 757 1195 in
768 1144 948 1195 literis
959 1144 1035 1195 ad
1046 1159 1141 1194 me
1155 1143 1320 1203 datis,
1334 1159 1589 1207 quarum
1602 1143 1940 1208 exemplum
1952 1143 2216 1196 Domino
2227 1143 2478 1197 PETRO

277 1216 510 1268 IUNIO
540 1215 838 1275 transmisi,
869 1221 996 1266 tum
1026 1217 1203 1266 etiam
1232 1214 1329 1279 alij
1364 1215 1574 1266 eruditi
1603 1217 1666 1266 in
1697 1215 2026 1267 Germania
2051 1214 2478 1277 Mathematici,

276 1287 456 1339 libere
487 1293 542 1338 et
570 1286 838 1338 lubenter
868 1287 1285 1351 approbarunt.
1318 1286 1378 1338 Si
1407 1288 1606 1351 itaque
1637 1285 1915 1347 effeceriS,
1946 1293 2010 1338 ut
2034 1288 2124 1338 vir
2152 1286 2250 1338 ille
2275 1286 2480 1339 sentiat

276 1374 474 1410 meam
486 1358 1064 1410 commendationem
1076 1358 1234 1422 apud
1246 1364 1300 1409 te
1312 1357 1545 1422 pondus
1556 1357 1828 1419 habuisse,
1844 1357 2065 1422 fibique
2078 1357 2480 1411 emolumento

276 1430 448 1489 fuisse,
482 1445 606 1481 non
634 1436 756 1481 tam
786 1429 869 1480 illi
900 1444 1082 1493 quam
1109 1429 1258 1480 mihi
1287 1445 1412 1480 rem
1441 1429 1765 1493 plurimum
1795 1435 2096 1493 acceptam
2126 1428 2477 1490 exhibueris,
2532 1445 2574 1480 15

277 1517 491 1565 meque
517 1501 620 1553 tibi
639 1500 734 1552 vel
760 1500 873 1552 hoc
900 1503 1160 1560 nomine,
1188 1507 1317 1552 utut
1343 1500 1491 1552 alias
1518 1501 1589 1552 de
1615 1507 1671 1552 te
1696 1501 1846 1553 bene
1873 1503 2086 1552 mereri
2108 1500 2478 1566 satagentem,

278 1570 492 1625 ar6tius
525 1573 874 1624 devinxeris,
908 1571 1072 1632 Vale,
1105 1571 1278 1636 plura
1312 1574 1471 1623 enim
1502 1588 1627 1623 non
1658 1572 1891 1633 addam,
1924 1587 2000 1624 ne
2032 1578 2087 1624 te
2119 1572 2394 1637 gravibus
2426 1578 2481 1624 et

277 1647 457 1709 varijs
484 1644 998 1695 administrationis
1024 1643 1276 1707 publicae
1303 1645 1524 1708 munijs
1552 1650 1904 1707 occupatum
1929 1645 2184 1695 nimium
2209 1643 2479 1708 interpel-

277 1715 411 1767 lem.
440 1716 658 1767 Iterum
684 1722 859 1779 atque
887 1717 1099 1766 iterum
1121 1730 1302 1779 quam
1323 1714 1633 1767 felicissime
1652 1714 1802 1767 vale.
1830 1714 2005 1766 Datae
2026 1715 2387 1780 Uraniburgi
2406 1715 2479 1767 13.

278 1787 635 1841 Novembris
656 1787 837 1838 Anno
858 1786 990 1839 1591.
1824 1821 2064 1875 TYCHO
2092 1821 2180 1873 BR
2182 1830 2337 1874 ΑΗΕ.
2529 1802 2576 1837 20

279 2023 353 2069 [Ex
373 2023 617 2069 apographo
638 2023 682 2059 in
703 2022 846 2059 codice
866 2021 1189 2058 vindobonensi
1209 2022 1276 2058 lat.
1297 2022 1428 2067 97371]

333 2110 1010 2185 CLARISSIMO
1060 2109 2121 2201 ERUDITISSIMOQUE
2160 2110 2424 2183 VIRO
2517 2133 2594 2178 142·

278 2216 615 2269 DOMINO
654 2215 949 2268 IOANNI
989 2214 1314 2275 CRAIGO,
1353 2214 1867 2267 PHILOSOPHO
1906 2213 2480 2267 ARISTOTELICO

373 2300 472 2352 ET
499 2298 931 2351 MEDICINAE
959 2297 1334 2358 DOCTORL
1365 2297 1887 2362 EANDEMQUE
1915 2297 2386 2350 EDENBURGI
2531 2315 2577 2350 25

462 2383 547 2435 IN
575 2381 864 2435 SCOTIA
891 2381 1359 2441 EXERCENTI,
1388 2380 1990 2434 MATHEMATICO
2019 2380 2300 2433 EXCEL-

783 2463 1036 2524 LENTI‚
1065 2464 1334 2517 AMICO
1363 2464 1519 2517 SUO
1546 2464 1984 2517 PLURIMUM

1200 2547 1566 2601 DILECTO.

310 2640 313 2644 ’
345 2638 408 2644 ”
450 2641 511 2699 ῑ-Ἀ-;··’ζ”
538 2643 583 2712 ξ,ι
610 2644 698 2721 ι(3)
745 2643 890 2695 UID
922 2640 1227 2703 cunctaris,
1260 2646 1343 2695 mi
1374 2642 1689 2703 CRAIGE,
1724 2658 1945 2707 curque
1974 2648 2096 2695 tam
2126 2645 2239 2694 cito
2271 2643 2482 2708 pedem

436 2752 438 2755 ψ
462 2752 522 2775 l
553 2723 620 2773 ,‘·—.;v
680 2719 695 2755 ἶ,
743 2714 1001 2766 referens
1027 2714 1319 2779 nusquam
1349 2714 1605 2779 amplius
1634 2712 1920 2779 appares?
1950 2714 2011 2767 Si
2037 2715 2240 2766 caussae
2268 2720 2324 2765 et
2347 2716 2480 2766 viri·
2531 2731 2577 2766 30

441 2790 584 2855 “4-
642 2795 646 2799 ’
701 2787 703 2789 ’
743 2787 852 2838 bus
888 2785 1119 2846 diffidis,
1156 2786 1527 2850 veritatisque
1563 2802 1600 2838 a
1634 2786 1805 2838 nobis
1839 2791 2225 2851 propugnatae
2255 2788 2483 2837 moenia

336 2915 344 2924 ,
438 2856 443 2908 ζ
743 2857 1226 2922 inexpugnabilia
1248 2859 1367 2918 esse,
1388 2860 1510 2909 iam
1530 2857 1770 2909 tandem
1791 2864 2063 2922 expertus
2079 2872 2140 2909 es
2154 2863 2331 2921 atque
2346 2872 2481 2908 con-

350 2950 359 2959 *
423 2932 491 2987 Q?
641 2935 705 2975 ἑ
745 2929 916 2988 cediS,
946 2929 1221 2993 equidem
1246 2929 1305 2980 id
1333 2929 1491 2993 quod
1518 2944 1610 2980 res
1636 2929 1758 2993 ipsa
1784 2931 1973 2994 exigit,
2005 2928 2282 2992 quodque
2303 2928 2481 2989 decet,

550 3033 571 3036 „
690 3006 698 3033 ⁷
745 3001 1016 3052 admittis.
1038 3001 1117 3052 At
1138 3016 1240 3052 cur
1260 3016 1384 3052 non
1403 3000 1462 3052 id
1482 3000 1578 3052 vel
1596 3000 1842 3052 verbulo
1862 2999 2030 3052 fateri
2050 2997 2244 3052 lubet?
2270 2999 2482 3064 Neque

282 3072 441 3120 enim
463 3076 654 3122 errata
674 3072 984 3136 agnoscere
1005 3087 1402 3136 revocareque
1418 3071 1753 3136 usqueadeo
1768 3071 2086 3136 inglorium
2100 3070 2191 3131 est,
2213 3073 2358 3135 quin
2377 3069 2481 3123 ho·
2531 3087 2578 3122 35

280 3143 443 3200 mini,
471 3139 563 3192 his
589 3157 692 3205 per
717 3142 772 3193 se
800 3159 924 3194 non
948 3158 1162 3207 parum
1183 3143 1460 3203 obnoxi0,
1487 3143 1545 3195 id
1573 3145 1902 3203 conveniat,
1931 3141 2482 3206 excusationemque

281 3217 591 3272 mereatur,
615 3229 749 3264 cum
771 3221 825 3265 et
846 3230 882 3266 a
901 3214 1169 3278 plurimis
1189 3214 1592 3279 praestantibus
1614 3221 1790 3278 atque
1809 3217 2074 3278 apprime
2090 3213 2329 3266 eruditis
2342 3215 2483 3265 viris

283 3284 459 3333 etiam
480 3285 542 3333 in
563 3285 928 3347 gravioribus
948 3288 1197 3350 negotijs
1211 3286 1461 3349 idipsum
1474 3288 1596 3337 iam
1611 3286 1713 3337 diu
1726 3285 2098 3349 multumque
2112 3283 2483 3337 laudabiliter

281 3351 604 3405 fac'titatum
626 3354 703 3406 fit.
734 3355 835 3407 Sin
864 3363 1062 3408 autem
1089 3357 1359 3408 nondum
1380 3359 1584 3409 omnia
1603 3356 1720 3409 tela
1740 3363 1916 3421 atque
1937 3371 2120 3417 arma,
2149 3355 2360 3420 quibus
2381 3370 2481 3419 op-

2239 3441 2480 3491 pugneS,
