2632 4022
77 1072 120 1107 10

78 1429 120 1464 1⁵

74 1787 120 1821 20

74 2144 121 2179 25

58 2779 145 2823 38*

75 2859 122 2894 35

77 3217 124 3251 40

305 272 562 324 CUNR.
590 271 1015 324 ASLACIUS
1042 272 1164 324 AD
1191 271 1698 325 TYCHONEM
1724 272 1799 325 23
1828 272 2016 325 OCT.
2046 274 2190 326 1594
2265 273 2368 326 367

167 429 373 466 corum
392 413 570 480 adyta
588 413 685 465 hic
706 414 1087 475 detrudimur,
1111 415 1187 467 ad
1208 430 1344 479 quae
1365 414 1834 467 commeantibus
1853 415 2148 467 hincinde
2169 416 2244 468 ad
2264 431 2371 468 vos

166 484 513 550 Tabellarijs
533 484 697 537 haud
716 487 799 537 ita
818 484 1021 537 crebro
1041 485 1335 551 praebetur
1354 487 1563 539 adituS.
1585 486 1791 551 Scripfi
1810 493 2012 539 tamen
2028 490 2250 539 nonita
2267 487 2370 540 du-

167 557 311 609 dum
330 556 406 608 ad
427 556 494 608 V.
517 556 579 608 E.
602 572 739 608 cum
763 559 1137 609 internuncio
1158 558 1420 622 quodam
1440 557 1865 623 Marpurgenfi,
1894 561 1996 622 qui
2017 558 2370 620 Herbornae,

167 628 447 692 assumpto
466 626 827 692 Chartopaeo
849 629 1127 693 quodam,
1148 644 1244 680 me
1266 635 1639 681 convenerat.
1662 629 1717 680 Is
1730 631 1793 680 in
1807 629 2086 690 Damam,
2108 629 2371 682 adhibito

168 698 426 751 eiusdem
442 698 674 764 Opificij
699 699 1109 761 comministrO,
1130 699 1186 752 se
1206 702 1330 752 una
1349 700 1646 752 confestim
1665 698 2065 765 profecturum
2086 707 2140 753 et
2159 707 2214 753 te
2235 717 2370 766 ope-

166 785 296 822 ram
321 770 487 822 suam
513 773 576 821 in
604 769 861 823 Officina
887 770 1219 824 Chartacea
1245 771 1615 836 aliquamdiu
1642 771 2009 824 elocaturum
2036 772 2370 837 spondebat.

166 842 390 894 Verum
414 840 724 893 trifurcifer
750 841 846 893 iste
873 842 1289 907 Marpurgium
1314 843 1546 895 rediens
1573 843 1746 895 causa
1771 843 1964 895 nescio
1992 859 2110 908 qua
2137 843 2291 896 clam
2316 844 2371 895 se

166 912 452 974 subduxit,
472 928 688 977 meque
708 915 790 964 ita
809 919 1022 977 praeter
1042 916 1389 978 opinionem
1405 914 1647 966 thaleris
1665 914 1906 978 aliquot,
1929 930 2078 979 quos
2092 931 2199 979 pro
2215 931 2370 967 com-

166 990 368 1036 meatu
377 983 461 1035 isti
473 983 758 1036 nebuloni
770 988 1226 1048 praenumeravi,
1240 985 1447 1037 callide
1460 988 1741 1038 emunxit.
1757 985 1870 1038 Sed
1884 989 2076 1050 patior
2088 986 2202 1038 hoc
2215 990 2371 1050 quic-

169 1055 310 1120 quid
332 1055 407 1107 est
426 1053 667 1108 iaeturae
689 1071 760 1107 eo
780 1055 1028 1117 faciliuS‚
1057 1057 1217 1121 quod
1236 1059 1358 1108 iam
1378 1057 1620 1109 demum
1641 1057 1782 1121 quid
1803 1057 2087 1109 eiusmodi
2108 1060 2371 1109 commit-

166 1127 412 1179 tendum
425 1126 488 1178 fit
503 1130 716 1192 agyrtis
732 1134 787 1179 et
800 1127 1321 1192 vespertilionibuS‚
1343 1143 1479 1180 meo
1500 1127 1899 1192 qualicunque
1921 1128 2141 1180 damno
2162 1128 2372 1181 rectius

167 1198 407 1264 sapiam.
438 1198 741 1251 Caeterum
767 1198 1025 1261 CLAVIJ
1054 1198 1214 1251 hunc
1243 1202 1307 1250 in
1336 1199 1646 1264 Sphaeram
1673 1199 2167 1252 SACROBOSCI
2195 1199 2371 1253 Com-

167 1272 526 1322 mentarium
558 1270 634 1322 ad
662 1277 717 1321 te
747 1269 1015 1335 ablegavi
1044 1270 1120 1322 ob
1148 1269 1523 1323 tractatulum
1555 1271 1856 1335 quendam
1885 1270 1956 1322 de
1987 1272 2166 1323 Nova
2194 1271 2374 1324 Stella

167 1342 331 1393 Anni
346 1341 415 1393 72
428 1341 723 1393 insertum.
746 1342 814 1393 In
834 1357 954 1406 quo
974 1341 1177 1401 multa,
1199 1341 1240 1393 fi
1259 1340 1410 1394 recte
1431 1344 1694 1403 memini,
1716 1341 2033 1406 praesertim
2049 1343 2120 1394 de
2134 1358 2372 1407 genera-

168 1416 329 1465 tione
356 1419 411 1464 et
436 1412 543 1464 fitu
569 1415 695 1464 eius
718 1412 1018 1472 AEthere0,
1045 1413 1222 1477 idque
1248 1415 1399 1465 inter
1425 1413 1809 1465 Firmamenti
1835 1413 2055 1474 Sidera,
2085 1417 2373 1478 magnitu-

168 1484 305 1537 dine
331 1486 619 1548 primaeva
645 1487 952 1549 apparenti
977 1490 1080 1536 etc.
1101 1484 1298 1536 vestris
1318 1500 1443 1536 non
1463 1487 1668 1536 omnia
1688 1484 1905 1536 dissona
1923 1485 2150 1549 placitis
2170 1484 2373 1537 adfert.

168 1556 361 1608 Miror
379 1555 688 1607 hominem
708 1556 1157 1620 Peripateticum
1176 1571 1214 1607 a
1232 1555 1351 1608 suae
1371 1554 1536 1608 sec‘tae
1552 1555 1874 1621 Coriphaeo
1889 1555 2374 1608 ARISTOTELE

167 1634 290 1679 tam
309 1626 490 1679 libere
510 1629 574 1678 in
593 1626 880 1691 plerisque
902 1626 994 1678 his
1015 1627 1314 1679 dissentire.
1342 1627 1481 1690 Quo
1501 1630 1746 1679 nomine
1767 1627 2074 1680 CRAIGO
2095 1627 2181 1678 illi
2201 1627 2374 1679 Seoto

167 1702 361 1751 iurato
381 1697 886 1751 ARISTOTELIS
906 1701 1222 1763 mancipi0,
1243 1701 1502 1751 veritatis
1522 1698 1826 1764 perduelli,
1853 1699 2043 1764 longe,
2070 1714 2206 1751 meo
2227 1699 2374 1751 iudi-

169 1773 277 1831 ci0‚
307 1772 589 1835 anteponi
616 1769 950 1822 merebitur.
978 1770 1114 1822 Vidi
1143 1777 1372 1835 egomet
1398 1786 1522 1822 non
1547 1772 1629 1822 ita
1655 1770 1882 1822 dudum
1908 1770 2190 1835 Epistolas
2217 1770 2375 1822 illius

168 1841 491 1894 nonnullas
511 1841 587 1893 ad
606 1847 661 1893 te
683 1842 754 1893 de
775 1844 1010 1906 negotio
1033 1842 1338 1894 Cometieo
1358 1841 1717 1906 perscriptas
1742 1841 2120 1894 Inaudieram
2141 1844 2320 1893 etiam
2340 1857 2377 1893 a

170 1913 591 1966 Conterraneis
619 1915 745 1965 eius
772 1912 1133 1965 circumferri
1154 1912 1560 1977 Capnuraniae
1587 1913 1744 1965 istius
1770 1919 2132 1978 nugamenta
2159 1919 2214 1964 et
2241 1928 2376 1964 cum

170 1982 352 2037 doctis
378 1984 728 2049 quibusdam
754 1986 1197 2037 communicari.
1228 1985 1524 2049 Exoptant
1552 1987 1725 2049 igitur
1752 2000 1987 2036 mecum
2017 1990 2071 2035 et
2098 1991 2376 2048 expetunt

171 2056 415 2121 quidam
434 2055 755 2108 vestrarum
779 2055 1027 2108 laudum
1055 2062 1110 2107 et
1134 2055 1614 2108 lucubrationum
1639 2055 1883 2115 studiofi,
1911 2062 1974 2107 ut
1999 2071 2123 2107 non
2146 2061 2376 2107 tantum

169 2127 527 2193 Apologiam
547 2127 786 2179 Scoticis
806 2127 920 2179 istis
941 2127 1013 2179 de
1035 2127 1422 2179 Cometarum
1442 2133 1591 2187 ortu,
1618 2127 1724 2179 fitu
1751 2143 1819 2179 ac
1845 2133 2011 2179 motu
2032 2143 2068 2178 a
2086 2126 2253 2178 vobis
2275 2142 2375 2191 op-

168 2198 413 2264 positam
432 2199 690 2264 somniJS‚
711 2199 807 2251 sed
828 2201 1006 2251 etiam
1026 2198 1493 2251 Lichnuraniam
1513 2198 1834 2263 quandam,
1856 2198 2114 2262 reliquas
2136 2198 2375 2263 Capnu-

169 2273 355 2323 raniae
375 2270 534 2322 illius
553 2269 825 2322 tenebras
845 2286 914 2322 ac
935 2270 1143 2322 densos
1162 2269 1358 2322 fumos
1378 2270 1493 2322 suis
1514 2270 1693 2335 radijs
1714 2269 2131 2330 discutientem,
2158 2269 2377 2334 publici

169 2344 314 2394 iuris
338 2341 621 2394 faceretis.
650 2341 763 2394 Sed
785 2342 927 2407 quid
948 2357 1055 2407 ego
1075 2340 1320 2394 noctuas
1342 2340 1647 2393 Athenas?
1675 2341 2030 2406 Catalogum
2049 2356 2192 2392 vero
2215 2339 2376 2392 hunc

169 2417 565 2466 recentiorum
585 2411 893 2465 auctorum
911 2413 1130 2474 addidi,
1152 2412 1193 2464 fi
1213 2428 1363 2477 quos
1382 2412 1530 2464 forte
1550 2415 1824 2477 proximo
1844 2418 2103 2464 mercato
2124 2412 2169 2463 F
2171 2428 2375 2464 ranco-

169 2485 407 2537 furtenfi
433 2501 506 2537 ex
531 2487 618 2550 ijs,
647 2487 749 2549 qui
775 2484 872 2536 hic
899 2485 1265 2550 assignantur,
1293 2484 1544 2536 novellis
1569 2484 1730 2536 libris
1750 2484 1917 2536 vobis
1943 2499 2047 2548 per
2069 2499 2165 2534 me
2187 2486 2376 2535 coemi

171 2559 579 2621 expetiveritis.
607 2557 677 2607 In
704 2572 882 2620 quem
907 2555 1094 2617 usum,
1122 2571 1271 2620 quas
1292 2571 1365 2607 ex
1383 2555 1580 2607 vestris
1599 2557 1865 2621 pecunijs
1886 2554 2144 2618 reliquas
2164 2554 2375 2614 habe0‚

169 2634 296 2680 tum
309 2628 351 2679 fi
365 2628 507 2692 quid
521 2627 767 2679 ulterius
780 2627 844 2679 fit
858 2627 1239 2692 erogandum,
1260 2626 1470 2679 lubens
1484 2626 1842 2691 impendam.
1865 2626 2183 2690 Reperietis
2199 2628 2377 2678 etiam

170 2699 263 2752 his
280 2698 620 2752 adiunctam
636 2705 824 2759 terrae,
846 2705 910 2750 ut
923 2704 1154 2759 vocant,
1174 2698 1433 2763 figillatae
1446 2697 1883 2762 portiunculam
1898 2697 2217 2761 quandam,
2240 2713 2376 2761 quae

170 2770 354 2823 tribus
369 2770 507 2823 hinc
522 2765 543 2838 ΙΙ
559 2773 781 2822 circiter
794 2769 1146 2822 milliaribus
1160 2770 1412 2822 ubertim
1424 2768 1712 2821 effoditur.
1726 2768 1905 2832 Quod
1915 2784 2057 2820 vero
2070 2767 2377 2820 OTTONI

171 2841 374 2894 auctor
395 2848 451 2894 et
469 2841 665 2894 suasor
683 2841 914 2902 fuerim,
935 2847 999 2893 ut
1019 2842 1142 2892 una
1161 2841 1238 2893 ad
1256 2847 1312 2892 te
1331 2840 1720 2905 perscriberet,
1741 2843 1804 2891 in
1823 2839 2131 2891 meliorem
2150 2847 2378 2903 partem

171 2916 565 2979 interpreteris
597 2929 720 2965 oro.
755 2913 1002 2964 Dudum
1034 2912 1318 2977 fiquidem
1348 2927 1385 2964 a
1413 2927 1509 2964 me
1541 2914 1720 2977 petijt,
1754 2918 1817 2963 ut
1849 2910 1950 2963 fibi
1981 2913 2377 2975 permitterem

170 2988 391 3038 amoris
412 2992 467 3037 et
485 2984 916 3037 benevolentiae
936 2983 1310 3036 testificandae
1334 2986 1535 3048 gratia,
1563 2983 1760 3035 literas
1780 2982 1913 3034 suas
1933 2982 2009 3035 ad
2028 2988 2084 3034 te
2105 2982 2284 3034 daret.
2312 2983 2378 3034 Id

171 3057 331 3121 quod
347 3072 444 3108 me
462 3056 547 3108 illi
564 3063 691 3108 tum
709 3056 1105 3108 concessurum
1118 3054 1493 3120 spondebam,
1515 3054 1616 3107 ubi
1633 3053 1751 3106 fine
1771 3053 2130 3106 crassioribus
2146 3053 2377 3106 mendis

170 3131 410 3193 proprio
425 3128 622 3180 Marte
641 3126 939 3192 epistolam
955 3125 1244 3179 conficere
1259 3125 1496 3178 valeret.
1519 3126 1723 3190 Itaque
1742 3127 1863 3178 iam
1884 3126 2166 3190 aggressus
2187 3125 2262 3176 est
2281 3141 2377 3177 me

172 3199 419 3260 suasore,
453 3206 508 3251 et
540 3200 781 3264 quidem
809 3197 1035 3250 felicius
1066 3213 1248 3262 quam
1275 3197 1595 3262 sperabam.
1629 3196 1892 3249 Paucula
1920 3212 1957 3248 a
1985 3212 2081 3248 me
2111 3196 2377 3256 limitata,

171 3271 465 3323 nonnulla
490 3270 858 3335 interpolata.
880 3269 1058 3321 Vides
1078 3271 1252 3334 igitur
1270 3284 1395 3320 non
1415 3268 1658 3321 obscura
1680 3270 1896 3333 ingenij
1924 3267 2036 3320 hac
2058 3267 2379 3332 praesertim

172 3348 343 3394 aetate
363 3343 596 3395 indicia.
620 3342 817 3406 Quem
834 3343 897 3392 in
914 3343 1109 3393 virum
1123 3340 1350 3392 bonum
1364 3355 1433 3393 ac
1447 3337 1684 3392 doctum
1698 3339 1943 3392 successu
1956 3341 2236 3404 temporis
2250 3354 2376 3402 per-

2099 3410 2376 3463 vasurum
