2644 4030
359 288 662 342 TYCHO
689 289 811 341 AD
839 289 1070 342 IOAN.
1099 288 1295 341 ANT.
1325 289 1768 342 MAGINUM
1795 290 1814 341 l
1843 289 2033 342 DEC.
2062 290 2207 343 1590
2279 290 2384 342 299

181 431 328 492 licet,
359 431 871 495 compensandam.
902 431 1078 484 Plura
1108 447 1267 484 nune
1292 447 1416 484 non
1442 431 1675 492 addam,
1706 447 1781 483 ne
1808 432 2076 496 Epistolae
2101 435 2384 485 terminos

181 505 434 555 nimium
455 502 737 555 excedam
756 510 930 567 teque
951 503 1171 555 diutius
1191 503 1504 555 detineam.

251 573 416 634 Vale,
445 576 535 625 vir
564 573 878 635 clarissime,
913 581 968 626 et
996 590 1092 626 me
1121 577 1207 626 tui
1236 575 1704 635 amantissimum,
1737 580 1911 639 prout
1940 574 2213 640 incepisti,
2247 591 2382 627 con-

180 644 390 697 stanter
415 645 740 705 redamare,
767 648 1207 710 amicitiamque
1233 661 1338 710 per
1363 645 1582 698 litteras
1608 645 1784 697 semel
1803 645 2144 698 inchoatam
2165 646 2382 712 ijsdem,

110 733 132 768 5
181 731 317 768 cum
335 716 503 768 aliter
519 715 648 768 fieri
667 723 939 781 nequeat,
962 719 1308 769 continuare
1329 732 1519 782 perge.
1542 716 1787 769 Dabunt
1801 717 2163 769 Mercatores
2177 717 2383 770 vestra-

179 793 265 839 tes
297 787 373 840 ad
406 787 725 840 Nundinas
756 787 1183 853 proficiscentes
1215 791 1278 840 in
1312 788 1704 841 Germaniam
1735 788 2263 850 FrancofurtenseS,
2297 804 2382 841 re-

179 858 462 911 scribendi
488 858 819 923 litterasque
846 859 921 911 ad
947 874 1043 910 me
1069 866 1194 911 tuto
1217 859 1548 924 perferendi
1567 875 1692 911 non
1711 860 2153 912 incommodam
2173 876 2383 925 oppor-

179 931 504 982 tunitatem.
526 930 746 982 Iterum
766 930 868 982 diu
889 937 944 982 et
964 930 1227 982 faeliciter
1242 930 1392 991 vale,
1414 938 1470 983 et
1490 931 1561 983 de
1581 930 1779 996 studijs
1792 930 2212 983 Astronomicis
2232 932 2382 984 bene

179 1003 393 1054 mereri
413 1017 537 1053 non
556 1004 894 1054 intermitte:
915 1004 1156 1066 iamque
1175 1005 1412 1054 tertium
1433 1009 1487 1054 et
1506 1001 1727 1067 pluries
1746 1002 1895 1054 vale.

89 1089 131 1123 ιο
251 1072 426 1125 Datae
448 1073 825 1139 Uraniburgi‚
848 1073 1129 1125 Calendis
1150 1073 1511 1134 DecembriS‚
1532 1074 1697 1125 Anni
1716 1076 1928 1125 veteris
1949 1073 2164 1126 Iuliani
2185 1074 2328 1127 1590.

711 1202 1328 1263 POSTSCRIPTUM,
1360 1203 1470 1256 UT
1494 1203 1848 1256 VOCANT.

325 1287 372 1338 E
397 1286 631 1351 prorsus
656 1302 927 1339 mearum
954 1286 1184 1339 coelitus
1205 1285 1589 1339 deductarum
1608 1286 2186 1339 animadversionum
2207 1294 2383 1352 atque

341 1357 766 1411 restitutionum
776 1374 997 1410 vacuas
1006 1361 1298 1410 mitterem
1308 1357 1544 1418 litteraS,
1557 1357 1757 1410 addidi
1769 1357 2028 1410 instantis
2039 1361 2183 1410 anni
2194 1358 2383 1423 Ephe-

178 1429 464 1482 meridem
491 1445 523 1481 e
549 1430 753 1481 nostris
783 1429 1284 1482 observationibus
1311 1435 1366 1480 et
1391 1428 1980 1481 demonstrationibus
2009 1432 2072 1480 in
2100 1445 2383 1482 numeros

89 1517 130 1552 15
179 1499 425 1554 redadtis
457 1501 805 1553 derivatam:
842 1516 1098 1565 quarum
1132 1503 1391 1552 rationes
1426 1507 1603 1565 atque
1638 1499 2026 1552 fundamenta
2061 1507 2236 1565 caput
2269 1504 2381 1565 pri-

178 1587 346 1624 mum
359 1575 668 1625 anterioris
681 1571 871 1633 Tomi,
892 1572 993 1625 ubi
1007 1572 1178 1624 illum
1192 1572 1438 1636 adeptus
1452 1571 1648 1632 fueriS,
1668 1572 1950 1636 expediet.
1974 1572 2214 1623 Interim
2227 1571 2383 1624 hanc

178 1643 398 1697 Solaris
429 1646 677 1696 tramitis
709 1643 1167 1710 defignationem
1201 1643 1484 1708 expende,
1518 1650 1694 1708 atque
1729 1658 1863 1695 cum
1895 1649 2145 1708 utraque
2178 1643 2384 1696 ufitata

178 1718 654 1768 numerationem
680 1715 896 1768 confer.
929 1715 1259 1781 Cognosces
1285 1717 1504 1780 utique,
1536 1730 1718 1780 quam
1743 1714 1860 1779 ipse
1887 1713 1988 1767 Sol
2016 1714 2383 1779 reliquorum

178 1786 557 1839 Planetarum
577 1787 700 1839 Rex
720 1793 776 1839 et
795 1785 1036 1847 Dudtor,
1063 1789 1127 1838 in
1145 1786 1389 1839 Tabulis
1415 1786 1703 1838 consuetis
1729 1802 1766 1838 a
1793 1785 2006 1838 coelesti
2031 1801 2260 1847 norma,
2288 1788 2383 1838 cui

84 1874 130 1908 20
178 1858 371 1911 nostra
390 1861 656 1924 apprime
676 1858 806 1910 sunt
825 1858 1096 1924 analoga,
1118 1857 1405 1918 deflectam
1427 1865 1603 1922 atque
1618 1856 1756 1909 hinc
1770 1857 1842 1909 de
1858 1860 2083 1910 caeteris
2097 1857 2381 1922 quodam—

176 1930 357 1983 modo
371 1932 740 1990 ratiocinare,
759 1930 1200 1995 Canonumque
1216 1929 1559 1982 ufitatorum
1574 1930 1937 1981 deviationes
1951 1931 2200 1994 percipe.
2217 1929 2380 1981 Vale.

1724 2023 1965 2076 TYCHO
1993 2024 2238 2076 BRAHE.

100 2190 128 2233 {¹
179 2190 228 2235 [E
250 2190 394 2228 codice
416 2189 734 2227 Vindobonensi
754 2190 821 2226 lat.
842 2189 973 2234 9737f]

70 2296 152 2340 12·v
182 2271 926 2346 NOBILISSIMO
966 2272 1105 2344 ET
1121 2270 1827 2344 AMPLISSIMO
1856 2269 2144 2356 VIRO,
2166 2269 2380 2342 VIR-

83 2394 129 2429 25
224 2375 436 2429 TUTE
462 2375 562 2428 ET
588 2375 1084 2429 ERUDITIONE
1111 2375 1462 2427 INPRIMIS
1490 2373 1966 2434 CONSPICUO‚
1994 2373 2332 2447 DOMINO

296 2459 662 2512 HENRICO
690 2458 1125 2519 RANZOVIO‚
1154 2458 1491 2512 DOMINO
1520 2458 1629 2510 DE
1655 2456 2265 2510 BREITENBERGA

342 2541 442 2594 ET
461 2542 705 2596 REGIO
727 2543 814 2595 IN
835 2541 1235 2595 HOLSATIA
1255 2542 1366 2595 AC
1387 2540 1900 2594 DITHMARSIA
1920 2539 2213 2593 GUBER-

432 2625 742 2687 NATORI,
770 2625 1040 2679 AMICO
1068 2625 1225 2679 SUO
1253 2624 1689 2678 PLURIMUM
1717 2623 2124 2676 COLENDO.

1017 2703 1542 2749 BREDENBERG.

69 2779 146 2822 12¹·
1254 2777 1302 2820 S.

376 2845 490 2925 γᾷ·
570 2901 577 2908 .
596 2857 762 2910 ὈΝ
783 2857 1061 2917 definam,
1083 2856 1442 2909 Nobilissime
1458 2862 1513 2908 et
1527 2855 1950 2921 praeclarissime
1969 2857 2073 2914 vir,
2094 2860 2150 2906 te
2171 2854 2378 2907 crebri-

561 2919 846 2980 oribus
859 2929 1041 2980 literis
1055 2927 1427 3011 compellare,
1439 2927 1534 2979 vel
1547 2929 1742 2991 potius
1756 2928 1906 3010 inter
1919 2927 2216 3009 graviores
2230 2931 2379 2986 tuaS,

274 3073 301 3096 “
560 3084 601 3139 132
646 3071 835 3123 donec
860 3070 1085 3135 aliquid
1110 3070 1351 3123 tandem
1376 3069 1627 3134 responsi
1652 3085 1689 3121 a
1713 3075 1768 3121 te
1795 3071 2133 3133 receperim.
2153 3067 2379 3120 Ternas

282 3183 285 3187 .
322 3158 358 3208 5·
402 3139 470 3211 ἵ
486 3176 497 3205 ·,
560 3157 607 3213 ξπ
648 3145 808 3194 enim
822 3144 1117 3194 autetiam
1131 3148 1449 3206 quaternas
1466 3156 1570 3205 per
1584 3140 1839 3193 aestatem
1854 3147 1909 3192 et
1922 3155 2045 3192 non
2059 3142 2141 3192 ita
2154 3139 2380 3192 dudum

237 3205 243 3214 “
326 3208 343 3225 ²
394 3219 426 3238 ⁴
503 3241 505 3244 ·
534 3242 541 3243 ff
647 3213 723 3265 ad
742 3219 797 3265 te
819 3213 952 3265 dedi
971 3212 1185 3271 literas,
1207 3213 1419 3277 quibus
1440 3212 1589 3264 nihil
1609 3211 1947 3277 rescriptum
1967 3211 2058 3264 est.
2081 3210 2379 3276 Cuperem

177 3254 379 3337 autem
390 3300 571 3349 quam
585 3287 862 3345 maxime,
876 3291 931 3336 te
944 3299 1192 3349 operum
1202 3283 1533 3336 nostrorum
1544 3282 2109 3335 Mathematicorum
2122 3289 2377 3335 matura-

176 3358 401 3408 tionem
421 3362 476 3408 et
493 3355 955 3420 publicationem
971 3361 1075 3408 tuo
1093 3355 1317 3408 auxilio
1332 3362 1508 3420 atque
1523 3354 1778 3414 consilio,
1800 3354 1960 3419 quod
1975 3360 2030 3407 et
2042 3354 2379 3477 teflufbenter

319 3437 388 3474 38
2111 3441 2147 3476 a
2203 3440 2378 3476 urum
