2664 4030
271 306 339 358 98
802 302 1240 356 EPISTOLAE
1265 300 1935 355 ASTRONOMICAE

270 447 652 498 necessitatem
677 444 732 497 se
758 445 1091 498 subducere.
1120 445 1238 497 Ubi
1258 444 1446 509 ipsum
1465 460 1758 510 recepero,
1778 444 1820 496 fi
1839 444 2138 510 resipuerit
2158 451 2212 498 et
2232 445 2468 512 culpam

271 518 612 582 deprecatus
631 516 821 577 fuerit,
848 516 1040 568 lenius
1062 531 1197 567 cum
1216 515 1319 567 illo
1339 530 1512 580 agam
1532 531 1714 580 quam
1738 519 2091 581 promeritus
2115 516 2206 577 est,
2231 517 2466 582 praeser-

269 591 374 639 tim
393 594 447 639 te
468 603 575 651 pro
595 587 697 639 illo
717 603 822 652 per
840 587 1037 639 literas
1056 586 1465 638 intercedente.
1495 586 1754 640 Omnem
1778 589 1977 652 itaque
1996 603 2172 640 move
2191 587 2466 653 lapidem,

270 658 587 710 charissime
608 658 694 710 M.
716 658 1069 718 ANDREA,
1090 663 1156 709 ut
1175 663 1332 709 certo
1351 656 1500 709 mihi
1519 657 1861 720 restituatur,
1884 659 2043 724 quod
2062 658 2200 711 sane
2219 674 2344 711 non
2363 658 2467 711 dif-

268 729 495 781 ficulter
524 729 753 781 efficere
781 731 1014 793 poteris,
1046 735 1100 780 et
1126 728 1203 781 da
1228 743 1473 793 operam
1498 744 1574 781 ne
1599 729 1922 795 intelligam
1947 736 2002 782 te
2028 733 2226 782 minus
2252 730 2467 783 sincere
2517 747 2539 782 5

268 816 432 852 meas
452 807 645 864 partes
665 803 728 851 in
747 799 860 851 hoc
881 802 1125 865 negocio
1140 815 1328 865 agere,
1349 815 1425 852 ne
1439 798 1818 853 labefactetur
1831 803 2091 854 amicitia
2103 801 2310 862 nostra,
2332 817 2468 867 quae

268 871 700 936 propemodum
713 871 989 923 vacillare
1007 870 1284 923 nonnihil
1299 873 1448 923 mini
1460 871 1690 923 videtur
1704 887 1777 924 ex
1789 872 1971 925 literis
1985 872 2251 925 Domino
2265 872 2444 925 DAN
2447 902 2467 912 ·

269 942 451 995 ZAEO
467 958 503 994 a
516 948 571 994 te
588 941 927 1007 perscriptis,
949 942 1050 994 ubi
1064 942 1456 995 vehementiae
1472 949 1526 995 et
1540 942 1868 996 acerbitatis
1883 944 1957 996 ob
1972 943 2164 996 nescio
2179 959 2329 1009 quos
2342 959 2467 996 ver-

268 1014 361 1065 sus
374 1029 470 1065 me
484 1013 801 1065 insimulas,
825 1012 1054 1065 Callide
1075 1014 1316 1078 quidem
1334 1013 1467 1066 satis
1487 1029 1595 1079 pro
1614 1014 1811 1079 teipf0,
1832 1021 1896 1067 ut
1916 1015 2074 1080 apud
2095 1015 2346 1067 aemulos
2365 1030 2469 1079 per

268 1084 640 1137 tralationem
661 1100 698 1136 a
717 1083 1037 1149 suspicione
1058 1084 1366 1137 consensus
1386 1091 1442 1137 te
1462 1085 1688 1146 libereS‚
1709 1085 1804 1137 sed
1823 1101 1931 1150 pro
1951 1093 2054 1139 tuo
2074 1086 2468 1139 TYCHONE
2521 1102 2564 1138 ιο

268 1159 466 1207 minus
486 1156 733 1208 candide
755 1162 809 1207 et
828 1155 1050 1208 fortasse
1072 1158 1250 1208 etiam
1269 1171 1377 1221 pro
1398 1158 1606 1208 intimo
1626 1163 1729 1209 tuo
1749 1159 1988 1222 proprio
2002 1157 2167 1209 sensu
2182 1164 2237 1210 et
2250 1158 2468 1210 iudicio

267 1230 465 1279 minus
479 1242 633 1279 vere.
648 1227 795 1278 Vale
817 1234 872 1279 et
892 1227 967 1279 da
987 1243 1247 1292 operam,
1269 1230 1415 1280 utin
1434 1227 1548 1280 hoc
1568 1231 1813 1293 negocio
1833 1234 1999 1281 tuam
2019 1244 2156 1294 erga
2174 1244 2270 1281 me
2290 1227 2470 1281 fidem

269 1301 552 1362 experiar.
586 1298 790 1350 Saluta
821 1297 1166 1350 METTAM
1200 1315 1336 1351 eum
1367 1305 1619 1364 utroque
1650 1306 1893 1364 parente
1923 1299 2236 1365 ceterisque
2265 1302 2469 1352 amicis

268 1369 487 1421 nostris,
518 1370 736 1421 Iterum
755 1369 888 1422 vale
910 1376 965 1422 et
985 1370 1454 1422 admonitionem
1478 1370 1634 1423 hanc
1659 1386 1857 1423 meam
1883 1376 1948 1423 ut
1971 1370 2152 1423 libere
2177 1370 2470 1436 prolatam

268 1443 555 1505 patienter
575 1447 629 1492 et
648 1440 864 1492 fincere
885 1444 1099 1506 accipe.
1127 1442 1346 1494 Iterum
1368 1448 1571 1507 terque
1593 1448 1918 1507 quaterque
1938 1442 2071 1495 vale
2093 1449 2147 1494 et
2167 1449 2303 1495 ante
2329 1442 2467 1509 hye-
2522 1458 2564 1494 15

268 1527 443 1573 mem,
470 1512 512 1563 fi
536 1527 640 1576 per
664 1512 1026 1577 tempestates
1055 1512 1297 1574 licuerit,
1326 1528 1437 1565 nos
1465 1513 1662 1566 invise.
1693 1513 1868 1566 Datae
1895 1514 2254 1579 Uraniburgi
2283 1514 2377 1567 die
2406 1514 2467 1566 ll.

269 1583 425 1635 Nov.
445 1583 627 1635 Anno
648 1583 792 1636 1585.
2045 1620 2111 1674 T·

1829 1691 2071 1745 TYCHO
2098 1692 2327 1744 BRAHE

1895 1778 2033 1816 mea
2050 1778 2253 1816 manu.
2518 1779 2565 1815 20

341 1868 434 1920 De
455 1867 585 1933 alijs
605 1868 779 1921 rebus
800 1874 855 1920 et
873 1871 1115 1933 privatis
1134 1871 1382 1935 negotijs
1401 1868 1596 1922 forsan
1615 1869 1764 1922 alias
1785 1869 2155 1922 commodius
2173 1869 2269 1922 vel
2291 1872 2470 1922 etiam

270 1955 471 1992 coram
488 1942 669 1992 tutius
688 1955 878 2005 agam.

271 2139 345 2183 [Ex
365 2140 607 2185 apographo
628 2139 672 2175 in
693 2140 837 2177 codice
859 2140 1178 2177 Vindobonensi
1197 2141 1264 2177 lat.
1290 2141 1460 2186 10686⁶⁶J

269 2227 350 2300 N
362 2226 935 2302 OBILITATE
979 2228 1486 2316 GENERIS,
1514 2228 2003 2304 VIRTUTE
2041 2230 2183 2304 ET
2217 2230 2469 2304 ERU-
2500 2254 2588 2298 ειν

431 2330 767 2384 DITIONE
792 2331 1248 2386 PRAEsTANT1
1274 2333 1612 2387 DOMINO
1639 2333 2012 2387 TYCHONI
2037 2335 2310 2388 BRAHE
2518 2352 2564 2387 25

570 2414 806 2468 DANO
833 2415 1172 2469 DOMINO
1199 2415 1299 2469 ET
1323 2416 1593 2540 ,AStMICO
1621 2417 2173 2471 OBSERVANDO.

322 2789 332 2799 “
396 2839 403 2855 ,
504 2809 546 2864 jx„
649 2813 658 2819 *
737 2803 792 2848 te
819 2796 1030 2861 saepius
1055 2799 1203 2848 meis
1229 2796 1410 2849 literis
1435 2796 1765 2857 salutarem,
1793 2803 1896 2849 aut
1920 2796 1961 2848 fi
1986 2799 2094 2848 iter
2120 2798 2246 2849 esset
2268 2796 2469 2849 saltem

370 2904 390 2920 c
437 2886 449 2893 ·
487 2867 582 2927 ³²7³-
650 2878 697 2929 {4-
739 2867 969 2919 dierum
988 2867 1084 2920 sex
1101 2874 1203 2920 aut
1222 2868 1272 2928 8,
1293 2870 1358 2919 in
1377 2867 1489 2921 hac
1508 2883 1644 2920 mea
1663 2867 2094 2933 ingravescente
2115 2874 2303 2929 aetate,
2323 2867 2469 2932 ipso-

329 2934 333 2941 “
416 2936 435 2954 ⁸
482 2947 508 2968 ἢ
592 2965 630 2974 .„
659 2933 690 2968 ’-
740 2954 854 3002 que
880 2938 1040 2990 senio
1069 2939 1234 3022 (nam
1259 2955 1297 2991 a
1323 2938 1416 2990 die
1442 2940 1479 2991 1.
1509 2937 1711 2992 octob.
1739 2939 1808 2991 60
1833 2940 2104 3004 ingressus
2129 2938 2257 2990 sum
2282 2941 2470 2990 aetatis

270 3006 519 3070 annum)
552 3008 790 3071 ipsemet
817 3015 872 3061 te
903 3013 1298 3062 convenirem.
1334 3010 1491 3062 Cum
1523 3017 1724 3062 autem
1754 3017 1966 3075 praeter
1998 3025 2239 3062 omnem
2270 3025 2469 3062 meam

269 3075 428 3141 spem
449 3083 503 3128 et
523 3081 867 3142 opinionem
886 3081 1233 3133 incidissem
1218 3097 1282 3132 1n
1302 3081 1742 3134 HENRICUM
1762 3096 1965 3133 meum
1989 3081 2340 3146 popularem
2358 3080 2467 3133 ser·
2517 3096 2563 3132 3⁵

269 3163 415 3198 vum
443 3147 690 3213 Magnis.
717 3149 791 3201 D.
820 3151 1095 3204 IACOBI
1125 3151 1442 3205 SEGURII
1471 3153 1671 3218 Legati
1700 3152 1956 3205 Sereniss.
1981 3152 2149 3218 Regis
2178 3152 2468 3204 Navarrae

271 3218 346 3270 ad
374 3218 657 3282 quosdam
678 3220 1022 3274 Germaniae
1048 3226 1357 3287 principeS,
1385 3239 1454 3275 ae
1480 3226 1529 3275 is
1554 3223 1752 3276 servus
1772 3223 1997 3275 Dresda
2015 3223 2304 3276 salutandi
2324 3224 2467 3274 ami-

271 3304 370 3340 cos
389 3289 522 3341 suos
542 3293 726 3355 gratia
745 3291 994 3357 Pragam
1014 3295 1354 3355 excurrisset,
1376 3294 1709 3359 diceretque
1726 3294 1861 3346 sein
1876 3294 2139 3347 Daniam
2158 3291 2314 3346 recta
2333 3308 2483 3345 cum·

271 3359 535 3412 Domino
549 3360 653 3412 suo
666 3361 1063 3425 profecturum
1078 3365 1198 3425 esse,
1219 3365 1388 3416 nolui
1403 3380 1540 3417 eum
1553 3381 1812 3417 vacuum
1826 3368 1974 3417 meis
1987 3365 2167 3417 literis
2182 3365 2468 3486 dimittstere

2331 3451 2351 3486 1
2395 3449 2468 3487 uc
