2632 4022
218 290 311 341 418
540 288 739 351 QUAE
767 287 1143 340 SEPTIMO
1170 286 1426 339 TOMO
1455 286 2099 339 CONTINENTUR

2255 369 2348 415 Pag.

219 431 482 495 Epistola
502 430 576 482 ad
597 430 833 481 Petrum
854 429 1119 481 Severini
1139 429 1196 480 14
1216 429 1371 480 Nov.
1394 429 1522 481 1577
1551 469 2168 482 ..................
2350 431 2420 483 47

323 531 393 535 -—
502 501 575 553 ab
598 501 972 566 Hieronymo
992 499 1217 552 Wolfio
1238 500 1271 552 9
1292 500 1438 552 Mai.
1461 500 1590 552 1578
1623 541 2168 553 ................
2255 501 2420 554 47-48

324 602 393 606 —
502 572 575 624 ab
597 572 863 623 Henrico
885 572 1135 623 Brucaeo
1155 571 1188 622 4
1209 571 1352 623 Dec.
1374 571 1503 624 1578
1516 611 2168 624 ...................
2255 572 2421 624 48-49

326 673 389 677 -
540 659 577 695 a
598 643 782 695 Paulo
804 642 1146 695 Haintzelio
1167 643 1235 695 25
1257 642 1433 694 Mart.
1456 643 1584 695 1579
1625 683 2168 695 ................
2255 643 2421 696 49-50

322 744 392 748 ——
501 714 575 766 ab
597 714 971 779 Hieronymo
990 713 1217 765 Wolfio
1237 713 1305 766 25
1327 714 1504 766 Mart.
1527 714 1655 766 1579
1695 754 2168 766 ..............
2255 715 2420 767 51-52

323 815 392 819 -
502 786 577 838 ad
598 786 1041 851 Hieronymum
1059 784 1352 836 Wolfium
1372 785 1501 838 1579
1517 826 2168 837 ...................
2255 785 2420 838 52-53

322 886 392 891 ——
501 857 577 909 ad
597 857 903 908 Andream
922 856 1218 908 Velleium
1237 856 1294 907 21
1315 856 1463 908 Mai.
1486 857 1614 909 1579
1625 897 2168 909 ................
2351 857 2420 910 54

322 957 393 962 ——
501 928 576 980 ad
597 927 903 980 Andream
920 927 1215 979 Velleium
1234 928 1267 979 5
1288 927 1394 979 Iul.
1417 928 1545 980 1579
1555 968 2169 980 ..................
2351 929 2419 981 55

322 1029 392 1033 —
501 1000 576 1052 ad
598 998 887 1051 Carolum
907 999 1245 1051 Danzaeum
1264 1000 1297 1051 5
1318 998 1424 1051 Iul.
1447 1000 1575 1052 1579
1589 1039 2169 1051 .................
2255 999 2420 1052 55-56

322 1101 391 1105 ——
500 1071 575 1123 ad
596 1071 901 1123 Andream
922 1070 1217 1122 Velleium
1238 1071 1293 1123 15
1314 1071 1465 1135 Aug.
1487 1071 1616 1123 1579
1626 1111 2169 1122 ................
2256 1070 2419 1123 56-57

322 1172 392 1176 -
500 1142 574 1195 ab
596 1142 971 1208 Hieronymo
991 1141 1217 1194 Wolfio
1237 1142 1271 1193 8
1291 1141 1454 1194 Febr.
1477 1142 1606 1194 1580
1625 1182 2168 1194 ................
2350 1142 2419 1194 57

322 1244 391 1247 -
500 1214 573 1266 ab
596 1214 971 1279 Hieronymo
991 1212 1216 1265 Wolfio
1237 1213 1294 1264 14
1314 1213 1491 1265 Mart.
1513 1213 1643 1266 1580
1659 1254 2168 1265 ...............
2255 1213 2421 1266 57-58

323 1315 392 1319 -—
500 1286 576 1337 ad
595 1283 969 1337 Thaddaeum
990 1285 1325 1350 Hagecium
1345 1285 1379 1335 4
1400 1284 1554 1336 Nov.
1576 1284 1706 1337 1580
1730 1325 2168 1337 .............
2255 1284 2421 1337 58-60

321 1386 391 1390 —
500 1357 575 1409 ad
596 1355 1108 1408 Bartholomaeum
1127 1355 1451 1409 Scultetum
1470 1356 1528 1407 12
1550 1356 1675 1409 Oct.
1698 1356 1813 1409 1581
1837 1396 2168 1408 ..........
2255 1355 2419 1408 61-63

321 1458 391 1462 -
500 1428 575 1480 ad
595 1427 969 1480 Thaddaeum
989 1428 1325 1493 Hagecium
1345 1427 1402 1479 12
1424 1427 1550 1480 Oct.
1572 1428 1688 1480 1581
1693 1467 2167 1479 ..............
2255 1426 2420 1479 64-69

321 1529 391 1533 —
539 1515 575 1551 a
594 1498 900 1551 Thaddaeo
922 1500 1190 1564 Hagecio
1211 1500 1231 1551 l
1253 1499 1400 1551 Mai.
1422 1499 1551 1552 1582
1585 1539 2166 1551 .................
2253 1498 2420 1551 69-72

321 1600 391 1604 -
499 1571 575 1623 ad
595 1570 968 1622 Thaddaeum
988 1571 1323 1636 Hagecium
1342 1570 1411 1622 23
1432 1570 1584 1635 Sept.
1606 1570 1735 1623 1582
1764 1610 2166 1622 ............
2254 1569 2418 1622 72-75

321 1672 391 1676 -
499 1642 574 1694 ad
596 1642 882 1694 Carolum
905 1642 1243 1694 Danzaeum
1262 1642 1319 1693 21
1340 1642 1491 1706 Aug.
1514 1641 1641 1694 1583
1658 1682 2167 1693 ...............
2254 1641 2419 1693 75-76

321 1743 391 1748 -—
500 1714 575 1766 ad
596 1714 901 1765 Andream
921 1713 1216 1765 Velleium
1236 1714 1293 1765 16
1314 1712 1477 1765 Febr.
1499 1713 1627 1766 1584
1656 1753 2166 1765 ...............
2349 1713 2419 1765 77

321 1815 391 1820 ——
500 1785 575 1837 ad
596 1785 929 1836 Henricum
949 1785 1266 1837 Brucaeum
1286 1785 1415 1838 1584
1443 1824 2166 1837 .....................
2254 1782 2419 1835 78-82

321 1887 391 1891 -—
500 1857 573 1909 ab
595 1855 863 1908 Iohanne
887 1856 1122 1908 Maiore
1143 1856 1177 1908 8
1198 1856 1325 1908 Iun.
1347 1856 1475 1909 1584
1480 1895 2167 1908 ....................
2253 1854 2417 1908 83-85

320 1958 390 1962 ——
499 1929 572 1981 ab
594 1927 860 1979 Henrico
881 1927 1131 1980 Brucaeo
1155 1927 1212 1979 12
1232 1927 1359 1979 Iun.
1382 1927 1510 1980 1584
1515 1967 2166 1979 ...................
2254 1926 2419 1978 85-86

348 2029 390 2033 -
498 2001 573 2052 ad
594 1999 927 2051 Iohannem
947 1999 1247 2051 Maiorem
1267 2000 1323 2052 15
1345 1998 1450 2051 Iul.
1473 1999 1601 2052 1584
1620 2038 2165 2050 ................
2253 1997 2418 2050 86-87

325 2101 384 2105 -
499 2072 572 2124 ab
595 2070 861 2122 Henrico
882 2071 1133 2123 Brucaeo
1154 2070 1212 2122 10
1232 2070 1374 2122 Dee.
1397 2070 1525 2123 1584
1549 2110 2166 2123 ..................
2252 2069 2417 2121 88-89

320 2173 390 2177 —
498 2144 574 2195 ad
595 2142 929 2194 Henricum
949 2142 1320 2194 Ranzovium
1340 2142 1374 2194 8
1394 2142 1517 2194 Ian.
1539 2141 1667 2195 1585
1693 2181 2166 2194 ..............
2253 2140 2418 2192 89-90

320 2244 390 2248 —-
499 2215 571 2267 ab
594 2213 860 2265 Henrico
882 2214 1131 2266 Brucaeo
1152 2214 1280 2267 1585
1298 2253 2166 2266 .........................
2347 2212 2411 2263 91

321 2315 385 2320 —
498 2287 571 2338 ab
593 2285 859 2337 Henrico
880 2286 1130 2338 Brucaeo
1150 2285 1184 2336 4
1203 2286 1346 2350 Apr.
1368 2285 1495 2338 1585
1513 2324 2164 2337 ...................
2251 2283 2417 2335 91-92

320 2386 390 2391 —
498 2358 571 2410 ab
593 2356 859 2408 Henrico
881 2357 1131 2409 Brucaeo
1151 2356 1219 2408 23
1240 2357 1368 2408 Iun.
1391 2356 1519 2409 1585
1549 2395 2165 2408 ..................
2346 2354 2416 2406 92

320 2458 389 2462 ——
498 2430 574 2481 ad
593 2427 967 2480 Thaddaeum
987 2429 1322 2493 Hagecium
1342 2428 1410 2481 25
1431 2428 1582 2493 Aug.
1605 2428 1732 2480 1585
1764 2467 2165 2479 ............
2252 2425 2416 2478 93-97

324 2530 385 2534 —-
497 2501 573 2553 ad
593 2499 899 2551 Andream
919 2499 1214 2551 Velleium
1234 2500 1278 2551 11
1300 2499 1454 2551 Nov.
1476 2499 1604 2552 1585
1621 2538 2164 2551 ................
2251 2497 2417 2549 97-98

319 2600 388 2606 —--
535 2589 572 2624 a
591 2570 897 2623 Thaddaeo
919 2571 1187 2636 Hagecio
1208 2568 1359 2636 13l23
1381 2571 1523 2622 Dec.
1546 2570 1673 2623 1585
1690 2610 2164 2622 ..............
2251 2568 2416 2620 98-99

319 2672 388 2676 —
497 2643 571 2695 ab
593 2642 858 2695 Henrico
880 2643 1129 2694 Brucaeo
1149 2642 1204 2695 15
1226 2642 1402 2694 Mart.
1424 2642 1553 2695 1586
1583 2681 2163 2694 .................
2204 2639 2409 2691 loo-101

318 2744 387 2748 -—
497 2716 572 2767 ad
593 2714 925 2766 Henricum
946 2714 1317 2766 Ranzovium
1337 2713 1405 2765 23
1426 2714 1603 2765 Mart.
1625 2713 1752 2766 1586
1763 2752 2163 2765 ............
2204 2711 2415 2763 101-102

320 2816 386 2818 —
535 2802 572 2838 a
591 2784 898 2838 Thaddaeo
919 2786 1186 2850 Hagecio
1207 2783 1324 2851 9l19
1344 2785 1492 2837 Mai.
1513 2785 1640 2838 1586
1653 2823 2162 2836 ...............
2202 2782 2414 2834 102-104

318 2886 388 2891 ——
497 2858 572 2909 ad
592 2855 966 2909 Thaddaeum
986 2857 1320 2921 Hagecium
1340 2857 1361 2907 l
1382 2856 1488 2908 Iul.
1511 2856 1639 2909 1586
1654 2895 2163 2908 ...............
2203 2853 2415 2906 105-109

319 2958 388 2962 -
497 2930 572 2980 ad
592 2928 828 2980 Petrum
849 2929 1088 2980 Iunium
1108 2928 1165 2980 18
1185 2928 1336 2993 Aug.
1358 2927 1487 2980 1586
1514 2966 2163 2979 ...................
2322 2924 2415 2976 110

318 3029 388 3033 -
497 3001 572 3051 ad
591 2998 966 3052 Thaddaeum
986 3000 1321 3065 Hagecium
1340 2999 1408 3052 25
1430 2999 1552 3051 Ian.
1575 2999 1703 3052 1587
1725 3037 2162 3050 .............
2202 2995 2414 3047 110-114

320 3100 387 3104 —-
497 3071 571 3123 ab
593 3071 857 3123 Henrico
878 3072 1128 3123 Brueaeo
1148 3071 1218 3122 22
1238 3070 1385 3122 Mai.
1407 3070 1535 3122 1587
1546 3108 2162 3122 ..................
2321 3066 2413 3118 114

318 3171 387 3176 ——
497 3142 569 3193 ab
592 3142 857 3194 Henrico
879 3143 1127 3194 Brucaeo
1147 3142 1217 3194 28
1239 3141 1364 3194 Oct.
1387 3142 1515 3194 1587
1547 3180 2160 3193 ..................
2319 3138 2411 3190 115

318 3242 388 3246 —
497 3214 572 3264 ad
593 3213 925 3265 Henricum
946 3213 1141 3265 Beloff
1155 3214 1204 3266 7.
1227 3213 1369 3265 Dee.
1392 3213 1519 3266 1587
1545 3251 2161 3264 ..................
2201 3209 2413 3261 116-119

319 3312 388 3317 —-
497 3284 572 3335 ad
591 3283 965 3336 Thaddaeum
985 3285 1321 3349 Hagecium
1340 3284 1373 3336 3
1395 3284 1541 3336 Mai.
1564 3284 1692 3336 1588
1723 3322 2160 3335 .............
2201 3280 2406 3332 120-121

496 3355 569 3406 ab
592 3355 816 3407 Ioanne
837 3356 1075 3408 Caselio
1096 3355 1165 3407 23
1186 3356 1333 3407 Mai.
1355 3355 1485 3408 1588
1509 3393 2160 3406 ...................
2319 3351 2405 3402 121
