2644 4030
95 540 182 583 ffv

135 762 157 797 5

113 1118 156 1153 10

85 1467 182 1511 ΒΖ*

104 2189 150 2224 25

81 2395 184 2438 B2v

101 2902 148 2938 35

100 3257 148 3292 40

279 316 583 369 TYCHO
603 316 726 369 AD
753 315 1225 369 CASPARUM
1251 315 1734 369 PEUCERUM
1760 316 1822 369 13
1849 316 2066 369 SEPT.
2095 317 2241 370 1588
2314 317 2405 370 133

207 465 408 512 autem
433 458 890 520 PTOLOMAEI,
919 457 1404 512 annotationibus
1431 455 1583 511 facta
1613 458 1968 511 circulorum
1996 462 2405 524 proportiones

208 538 263 583 et
294 536 568 583 motuum
600 526 1095 599 congruen-sstiam
1127 530 1408 595 exquisita
1442 530 1718 596 indagine
1749 530 2131 596 pervestigare
2164 531 2404 583 demon-

206 602 499 667 strareque
520 608 575 654 et
594 601 697 654 sub
716 617 1104 654 numerorum
1125 603 1520 668 cognitionem
1540 616 1819 654 revocare
1838 601 2024 654 liceat.
2053 602 2298 663 Interea,
2322 603 2404 654 fa-

205 679 378 726 vente
410 673 612 725 divino
642 673 925 734 Numine,
958 689 1030 726 ea
1061 673 1358 726 successive
1390 676 1761 739 praemittam,
1795 688 1932 738 quae
1964 672 2039 725 ad
2071 672 2186 725 hoc
2216 680 2405 726 totum

206 747 508 810 negotium
533 743 726 796 facere
745 744 1116 806 videbuntur,
1143 751 1199 797 et
1223 747 1416 810 prima
1442 759 1679 810 quaque
1700 744 2018 805 occasione,
2047 760 2120 796 ex
2146 760 2218 797 eo
2245 745 2404 809 quod

204 822 327 869 tam
347 816 638 868 diutinam
658 815 1002 868 dilationem
1021 831 1145 868 11011
1165 819 1484 881 requirant,
1508 815 1728 869 absolvi
1747 818 2017 881 poterint,
2038 815 2241 881 qualia
2259 815 2404 877 sunt,

204 902 341 952 quae
368 887 402 939 4
431 886 527 939 vel
554 888 588 939 5
616 887 910 951 prioribus
938 886 1099 939 libris
1129 888 1600 941 continebuntur.
1634 887 1930 953 Daboque
1960 902 2221 952 operam,
2251 893 2315 939 ut
2343 889 2406 940 in

203 958 318 1011 hoc
337 964 460 1010 toto
480 973 659 1023 opere
679 960 884 1011 omnia
902 961 1263 1024 apparentijs
1283 958 1608 1012 coelestibus
1620 965 1744 1012 tam
1756 965 2024 1011 veterum
2036 964 2208 1011 aetate
2223 974 2405 1023 quam

204 1029 411 1090 nostra,
439 1036 494 1082 et
514 1029 590 1082 ob
610 1029 668 1081 id
689 1031 867 1082 etiam
891 1029 1293 1095 posteriorum,
1319 1030 1396 1083 ad
1422 1031 1685 1083 amussim
1711 1030 2217 1095 correspondeant,
2244 1030 2404 1095 quod

205 1101 480 1166 equidem
507 1116 544 1153 a
569 1103 824 1162 nemine,
852 1103 954 1166 qui
979 1107 1102 1154 tam
1128 1101 1512 1154 excellentem
1536 1101 1803 1154 laborem
1829 1101 2131 1155 exantlare
2158 1108 2405 1154 conatus

204 1172 295 1233 est,
316 1171 602 1225 haetenus
619 1172 937 1237 praestitum
958 1173 1078 1234 esse,
1099 1178 1154 1225 te
1175 1173 1401 1225 dudum
1421 1172 1773 1238 perspexisse‚
1794 1173 2029 1226 nullum
2045 1172 2205 1238 apud
2218 1189 2314 1225 me
2329 1173 2405 1225 est

202 1243 466 1297 dubium.
488 1244 650 1296 Nam
668 1243 802 1296 licet
819 1243 918 1297 ille
938 1244 1418 1309 incomparabilis
1433 1246 1524 1296 vir
1542 1244 2043 1298 COPERNICUS
2056 1244 2244 1297 multa
2257 1260 2295 1297 a
2307 1260 2403 1296 ve-

202 1315 420 1368 teribus
433 1317 633 1367 minus
646 1314 798 1368 recte
811 1315 1042 1380 prodita
1053 1315 1370 1368 emendare
1383 1315 1680 1377 laborarit,
1694 1322 1896 1369 tamen
1909 1316 1984 1368 ob
1998 1315 2403 1368 instrumento-

202 1402 336 1439 rum
357 1386 442 1451 (ut
461 1385 612 1439 redte
633 1389 812 1439 etiam
830 1386 1154 1452 suspicaris)
1171 1389 1369 1439 minus
1384 1385 1651 1440 exactam
1665 1386 2197 1440 conformationem
2210 1387 2402 1439 usum-

202 1473 318 1523 que
332 1474 456 1510 non
470 1460 717 1510 omnino
731 1457 1101 1511 infallibilem
1115 1458 1548 1511 observationes
1561 1460 1753 1511 irritas
1765 1459 2030 1511 obtinuit.
2047 1454 2404 1526 Inge-unium

202 1535 355 1582 certe
376 1535 431 1582 et
449 1529 687 1582 scientia
705 1530 782 1582 ad
800 1529 957 1583 hanc
977 1532 1373 1596 cognitionem
1387 1536 1442 1582 et
1455 1530 1875 1583 restitutionem
1887 1529 1974 1582 illi
1987 1529 2404 1583 absolvendam

203 1600 365 1665 (ficut
383 1600 575 1665 alteri)
594 1616 720 1653 non
733 1600 932 1663 defuit,
951 1601 1323 1654 solummodo
1336 1601 1547 1668 medijs
1562 1601 1948 1662 MechaniciS,
1970 1601 2184 1666 quibus
2203 1601 2403 1654 uteba-

200 1678 310 1732 tur,
340 1687 466 1724 non
490 1670 642 1725 recte
667 1671 724 1724 se
750 1671 1104 1725 habentibus
1131 1679 1186 1725 et
1210 1688 1336 1726 non
1364 1675 1527 1739 prius
1558 1673 1742 1738 (quod
1768 1672 2048 1739 oportuit)
2077 1670 2404 1725 rectificatis

201 1742 519 1796 affixarum
547 1743 706 1796 lociS.
738 1743 954 1796 Habeo
980 1744 1397 1797 Parallaticum
1423 1747 1551 1797 eius
1576 1744 2024 1797 instrumentum
2051 1743 2200 1796 mihi
2226 1759 2263 1796 a
2289 1744 2402 1797 Ca-

200 1817 418 1868 nonico
438 1815 701 1880 quodam
714 1815 1043 1868 Varmienfi
1062 1815 1221 1868 dono
1241 1817 1483 1875 milium,
1505 1816 1666 1881 quod
1680 1832 1712 1869 e
1725 1816 1885 1882 ligno
1902 1816 2153 1882 abiegno
2170 1815 2402 1877 constat,

201 1893 255 1939 et
275 1886 655 1939 divisionibus
674 1893 1004 1940 atramento
1024 1889 1088 1940 in
1109 1903 1180 1940 eo
1206 1887 1438 1953 signatis
1462 1887 1596 1941 satis
1622 1887 1879 1948 ostendit,
1908 1903 2047 1940 eum
2071 1889 2134 1939 in
2159 1886 2253 1939 his
2278 1903 2403 1940 non

199 1957 535 2023 requisitam
559 1957 815 2011 habuisse
833 1958 1212 2025 diligentiam.
1242 1959 1420 2023 Quod
1440 1965 1640 2012 autem
1660 1974 1811 2012 11108
1832 1960 2118 2011 assertioni
2138 1958 2210 2011 de
2230 1958 2400 2023 liqui-

199 2030 419 2082 dissima
438 2035 494 2082 et
511 2029 864 2083 subtilissima
883 2030 1018 2083 coeli
1037 2033 1287 2083 materia
1304 2037 1428 2084 tam
1445 2030 1597 2084 belle
1611 2029 1936 2096 astipularis
1951 2045 2204 2095 eamque
2217 2029 2400 2083 sacra-

199 2116 333 2154 rum
346 2101 581 2167 insuper
593 2101 898 2154 literarum
911 2101 1239 2154 testimonio
1254 2101 1588 2164 confirmaS,
1602 2101 1750 2154 mihi
1763 2108 2100 2167 pergratum
2114 2100 2211 2162 011;
2231 2107 2401 2154 11111111

200 2174 361 2225 0111111
379 2173 770 2238 gravissimum
787 2173 859 2225 de
873 2172 1049 2226 rebus
1062 2173 1348 2226 iudicium
1362 2180 1418 2226 et
1431 2173 1614 2226 altam
1627 2176 1690 2225 111
1702 2172 1972 2238 plurimis
1986 2172 2284 2225 scientiam
2299 2172 2402 2225 diu

198 2243 527 2309 magnifeci,
547 2242 917 2308 facturusque
940 2243 1128 2309 [sum].
1149 2244 1445 2309 Deinceps
1461 2244 1661 2297 locum
1676 2244 1863 2306 illum,
1885 2259 2064 2310 quem
2079 2259 2152 2296 ex
2166 2243 2399 2298 ESAIA

198 2315 270 2368 40
287 2331 341 2367 v.
362 2315 432 2367 22
457 2316 616 2375 01138,
644 2314 1053 2376 CASTALIO,
1084 2318 1252 2368 cuius
1275 2315 1539 2369 verfione
1568 2315 1893 2369 admodum
1921 2313 2189 2377 delector,
2218 2315 2400 2380 paulo

199 2385 367 2439 aliter
384 2386 697 2439 Latinitate
714 2386 972 2439 donavit.
994 2386 1088 2440 Sic
1109 2402 1248 2439 eum
1267 2389 1679 2452 interpretatus
1699 2387 1796 2440 est:
1822 2386 1979 2452 »Oui
1990 2388 2187 2440 coeIOS
2200 2382 2221 2456 ΙΙ
2238 2385 2405 2454 quasi

197 2456 631 2511 membranam
646 2455 915 2511 intendit
933 2460 1121 2525 utque
1141 2458 1615 2512 tabernaculum
1635 2458 1934 2526 expandit
1951 2458 2036 2512 ad
2049 2457 2398 2512 inhabitan-

199 2530 396 2582 dum«.
419 2528 533 2581 Sed
552 2535 720 2581 vetus
741 2529 1020 2594 expolitio
1039 2529 1424 2583 verosimilior
1437 2531 1683 2591 videtur,
1705 2532 1800 2583 cui
1815 2532 1994 2584 etiam
2007 2530 2142 2583 aliae
2156 2533 2399 2595 propius

196 2599 568 2653 subscribunt.
591 2599 981 2654 CASTALIO
997 2600 1303 2667 elegantiae
1316 2601 1548 2655 studens
1562 2601 1858 2654 interdum
1871 2618 1908 2655 a
1921 2604 2182 2668 genuina
2193 2601 2397 2654 verbo·

196 2687 332 2723 rum
357 2673 835 2737 interpretatione
861 2671 1146 2725 deflexisse
1165 2673 1412 2726 videtur.
1440 2673 1606 2726 Alter
1630 2673 1813 2735 locuS,
1840 2673 1991 2727 IOB.
2013 2688 2138 2738 cap.
2159 2673 2229 2725 37
2247 2690 2301 2725 v.
2323 2673 2396 2734 18,

197 2759 317 2807 quo
338 2745 701 2795 contrarium
720 2744 1023 2796 asseverari
1047 2746 1240 2809 prima
1264 2744 1455 2797 fronte
1481 2751 1740 2810 apparet,
1768 2747 1910 2810 quia
1929 2745 2115 2797 coelos
2135 2744 2398 2811 chalybis

196 2814 370 2867 instar
388 2814 694 2867 induratos
716 2816 819 2867 esse
839 2815 991 2877 dicit,
1012 2814 1163 2869 10010
1177 2823 1283 2868 ate
1297 2832 1433 2869 cum
1449 2819 1644 2881 priore
1666 2816 2024 2877 conciliatur,
2046 2815 2189 2868 dum
2208 2815 2396 2868 solidi-

196 2892 376 2938 tatem
402 2892 457 2938 et
482 2885 820 2939 firmitatem
846 2886 1347 2952 constantiamque
1372 2894 1720 2953 perpetuam
1745 2895 1975 2940 naturae
1994 2887 2396 2940 revolutionis-

196 2972 311 3022 que
341 2956 477 3010 coeli
506 2964 561 3010 et
590 2973 815 3019 eorum,
848 2973 985 3023 quae
1015 2961 1079 3011 in
1112 2974 1183 3011 eo
1217 2962 1607 3021 continentur,
1640 2974 1956 3024 corporum
1986 2961 2182 3024 potius
2214 2972 2396 3024 quam

195 3030 460 3080 materiae
477 3044 823 3094 compagem
841 3029 1044 3095 respici
1062 3029 1197 3091 illic,
1219 3030 1443 3083 erudite
1458 3037 1513 3083 et
1528 3033 1946 3083 convenienter
1960 3032 2222 3096 exponiS.
2244 3031 2395 3083 Prae-

196 3097 380 3152 dictus
392 3099 782 3153 CASTALIO
795 3102 860 3152 in
869 3100 1132 3153 versione
1146 3100 1325 3154 huius
1338 3101 1453 3154 loci
1466 3101 1675 3154 nostrae
1688 3101 1987 3154 sententiae
2000 3104 2200 3154 minus
2214 3118 2394 3167 quam

195 3172 475 3234 antiquus
493 3172 779 3236 interpres
798 3178 1099 3237 repugnat,
1121 3173 1265 3225 dum
1284 3172 1357 3226 lic
1378 3189 1516 3226 eum
1538 3173 1743 3226 Latine
1763 3173 1971 3226 reddit:
2000 3173 2135 3226 »An
2155 3174 2395 3227 aethera

197 3255 339 3294 cum
360 3255 436 3294 eo
456 3238 752 3307 deduxisti
768 3241 857 3295 ita
875 3241 1141 3306 firmum,
1165 3246 1234 3297 ut
1251 3246 1586 3298 concretus
1605 3242 1718 3309 esse
1740 3243 2101 3298 videatur?«
2131 3245 2245 3298 Sed
2265 3244 2395 3297 haec

195 3311 511 3365 Hebraicae
525 3312 744 3378 linguae
760 3313 1110 3367 excellenter
1122 3318 1319 3381 gnaris
1333 3315 1692 3368 discutienda
1705 3314 1993 3381 relinquo.
2009 3316 2271 3380 Quidam
2285 3316 2393 3368 Hi-

54 3382 424 3447 B3¹†l'panUS,
446 3383 941 3439 FRANCISCUS
961 3380 983 3454 ΙΙ
1003 3385 1426 3440 VALLESIUS
1445 3389 1705 3449 nomine,
1726 3389 1832 3448 vir,
1853 3394 1917 3440 ut
1937 3403 2010 3440 ex
2031 3390 2158 3440 eius
2177 3387 2394 3452 scriptis

2134 3464 2392 3524 apparet,
