2644 4030
83 1079 125 1114 10

77 1792 124 1827 20

77 2148 122 2183 25

77 2505 123 2540 30

77 2861 123 2896 35

77 3219 124 3253 40

317 279 621 332 TYCHO
648 278 770 330 AD
797 278 1088 331 IOACH.
1117 278 1718 330 CAMERARIUM
1746 278 1807 330 21
1836 278 2024 331 OCT.
2053 279 2198 331 1590
2271 279 2375 331 277

175 424 413 487 propria
438 421 752 473 moletrina
778 420 861 472 illi
889 420 1015 472 usui
1039 420 1318 472 destinata
1340 426 1394 471 et
1414 436 1537 472 non
1559 422 1756 485 parvis
1776 420 2048 486 impenfis
2068 423 2131 473 in
2150 420 2270 473 hac·
2284 421 2374 473 In-

174 493 299 546 sula
312 496 433 545 iam
447 508 637 557 nuper
648 507 685 544 a
694 507 790 544 me
803 490 1064 544 extrudta
1074 491 1424 543 sufficienter
1437 507 1578 543 mox
1589 491 1955 556 subveniam)
1970 492 2168 545 futura
2183 492 2374 545 aestate

174 563 407 617 favente
428 564 630 616 divino
650 563 874 615 auxilio
895 563 1244 623 obtinebitiS,
1265 564 1505 627 unaque
1520 566 1755 615 tertium
1769 564 1840 615 de
1857 570 2111 628 quatuor
2124 564 2255 629 alijs
2269 566 2374 615 mi-

175 635 419 687 noribus
447 635 709 687 Cometis
734 634 1104 699 postmodum
1131 632 1462 699 conspectiS,
1494 637 1643 686 inter
1670 651 1819 699 quos
1849 634 1960 696 hic,
1991 635 2063 687 de
2090 651 2210 699 quo
2237 634 2374 695 dixi,

173 706 356 772 paulo
383 713 518 758 ante
544 721 796 758 vernum
822 712 1053 770 tempus
1079 704 1258 757 huius
1284 708 1427 757 anni
1456 706 1750 769 prodienS,
1782 713 2026 771 quartus
2053 713 2108 757 et
2134 706 2375 758 ultimus

175 777 265 830 est.
287 777 597 830 Habebitis
619 779 797 829 etiam
816 778 939 829 una
961 776 1163 841 (modo
1183 783 1305 828 tam
1319 779 1432 828 cito
1445 776 1896 842 Typographico
1913 777 2115 830 labore
2130 777 2205 829 ad
2220 777 2374 829 colo-

173 848 436 914 phonem
447 848 657 901 deduci
667 847 899 913 poterit)
912 847 1300 913 Epistolarum
1311 848 1854 900 Astronomicarum
1865 849 2165 909 volumen,
2180 851 2243 900 in
2255 864 2374 913 quo

173 919 446 985 plurimae
468 926 523 971 et
541 922 724 972 variae
745 919 1254 972 eruditissimorum
1273 922 1537 972 virorum
1556 919 1740 971 literae
1761 936 1996 972 mecum
2013 920 2085 972 de
2103 935 2165 972 re
2182 919 2373 972 Astro-

173 994 411 1043 nomica
440 997 494 1042 et
525 991 1020 1044 Cometometrica
1049 990 1275 1043 affatim
1304 991 1734 1043 conferentium
1762 993 1886 1043 una
1914 1007 2049 1043 cum
2079 991 2271 1043 nostra
2299 992 2375 1044 ad

173 1062 426 1128 fingulas
452 1061 820 1127 responsione
848 1062 1319 1114 continebuntur.
1348 1062 1480 1114 Has
1504 1069 1808 1114 ternorum
1834 1063 2121 1114 librorum
2141 1062 2374 1127 evulga-

173 1136 364 1186 tiones
386 1133 567 1198 Operi
592 1133 677 1185 illi
702 1149 921 1199 magno
945 1133 1016 1185 de
1039 1136 1392 1198 perennium
1413 1141 1468 1185 et
1488 1134 1724 1186 Mundo
1745 1149 2084 1186 coaevorum
2104 1133 2375 1199 syderum

173 1204 641 1257 revolutionibus
670 1205 746 1257 ad
775 1220 1050 1257 normam
1080 1204 1369 1257 coelestem
1401 1206 1477 1257 ad
1509 1206 1772 1257 amussim
1804 1205 2181 1265 restituendiS,
2215 1205 2375 1269 quod

172 1275 349 1342 longo
369 1279 492 1329 iam
507 1283 771 1341 tempore
791 1276 1022 1336 molior,
1044 1276 1206 1341 quali
1225 1276 1528 1340 prodromi
1547 1276 1662 1328 five
1682 1276 1951 1342 praeludij
1971 1276 2104 1328 loco
2121 1278 2374 1341 praemit-

172 1354 293 1400 tere
310 1350 547 1400 animus
566 1347 656 1400 est.
679 1347 985 1412 Plaeraque
1001 1350 1161 1400 enim
1176 1347 1575 1407 continebunt,
1598 1363 1733 1412 quae
1748 1350 1968 1412 ingenti
1982 1347 2067 1399 illi
2081 1347 2375 1399 molimini

173 1426 350 1484 atque
376 1417 672 1471 structurae
699 1422 860 1471 viam
887 1419 1138 1471 sternent
1168 1425 1223 1470 et
1250 1419 1545 1471 nonnulla
1572 1425 1795 1483 ponent
1822 1418 2189 1471 fundamina.
2221 1418 2374 1482 Quae

108 1508 129 1525 v
173 1505 310 1542 cum
327 1490 504 1554 (vires
518 1497 695 1555 atque
709 1490 1050 1543 industriam
1065 1485 1086 1559 ΙΙ
1099 1490 1502 1555 suppeditante
1519 1490 1859 1543 Coelestium
1875 1489 2126 1554 Opifice)
2146 1492 2375 1555 magnis

172 1561 472 1614 laboribus
493 1561 792 1614 exantlata
810 1561 1043 1623 fuerint,
1064 1578 1172 1614 vos
1193 1562 1519 1614 eorundem
1537 1577 1775 1626 quoque
1790 1561 2033 1614 reddam
2047 1564 2373 1627 participes,

243 1632 357 1686 Sed
378 1633 469 1693 est,
489 1634 577 1685 mi'
589 1633 1022 1693 CAMERARI,
1045 1633 1204 1698 quod
1218 1640 1273 1685 te
1291 1649 1450 1686 nunc
1465 1634 1681 1685 obnixe
1695 1640 1963 1699 rogatum
1980 1648 2257 1698 cuperem
2270 1649 2374 1685 no-

171 1707 332 1756 mine
354 1707 497 1765 eiuS‚
519 1707 687 1757 cuius
701 1711 878 1757 antea
891 1708 1252 1756 mentionem
1273 1705 1398 1765 feci,
1421 1705 1686 1765 Studiofi,
1708 1707 1803 1757 cui
1818 1705 1892 1757 ob
1908 1707 2228 1769 ingenium,
2250 1705 2374 1757 dili·

171 1779 429 1842 gentiam
450 1783 505 1828 et
524 1792 762 1828 morum
783 1779 1189 1842 integritatem,
1215 1777 1493 1841 quodque
1515 1777 1716 1828 multis
1741 1776 1848 1839 (uti
1872 1775 2014 1840 dixi)
2039 1779 2213 1828 annis
2235 1775 2374 1828 fide-

171 1847 290 1899 lem
306 1847 453 1900 mihi
470 1847 724 1912 praestitit
741 1863 1002 1912 operam,
1021 1863 1204 1912 quam
1221 1851 1439 1912 optime
1457 1850 1648 1912 cupio,
1670 1847 1877 1912 Scripfi
1892 1850 2091 1912 itaque
2109 1847 2374 1900 Domino

172 1918 594 1972 IOACHIMO
610 1919 969 1972 POMERIO
984 1919 1184 1971 vestrae
1200 1922 1448 1972 civitatis
1462 1919 1734 1971 Senatori
1746 1922 2046 1983 primari0,
2065 1926 2127 1971 ut
2140 1919 2226 1971 illi
2239 1935 2374 1971 meo

171 1992 415 2043 nomine
434 1990 505 2043 50
526 1991 860 2043 Coronatos
887 1990 1185 2043 confestim
1211 2007 1315 2056 per
1338 1991 1702 2043 Mercatores
1722 1991 1983 2056 Venetijs
2009 1993 2375 2056 negotiantes

172 2061 402 2127 collybo
429 2061 543 2114 five
574 2063 755 2114 literis
782 2061 991 2128 cambij
1026 2062 1112 2126 (ut
1137 2062 1373 2126 vocant)
1403 2062 1709 2114 transmitti
1737 2068 2025 2126 procuret.
2056 2062 2178 2127 Ego
2208 2061 2375 2114 nulla

172 2133 565 2186 intercedente
590 2149 777 2195 mora,
805 2133 1058 2186 Lubecae
1078 2134 1174 2185 vel
1193 2135 1531 2199 ubicunque
1552 2136 1614 2186 in
1636 2136 1973 2198 propinquo
1993 2133 2260 2191 voluerit.
2287 2149 2373 2185 re-

172 2208 474 2257 numerari
499 2207 629 2257 'una
660 2221 796 2257 cum
831 2206 1087 2257 interesse
1119 2221 1244 2257 non
1278 2208 1459 2258 invite
1493 2205 1728 2257 curabo,
1765 2205 1870 2257 Sin
1901 2220 2042 2256 vero
2075 2204 2374 2257 Dominus

171 2275 575 2330 POMERIUS
600 2276 657 2328 se
682 2276 795 2329 hac
821 2279 884 2328 in
909 2283 1074 2341 parte
1102 2276 1285 2341 (quod
1310 2283 1512 2329 tamen
1538 2293 1661 2328 non
1686 2276 1874 2341 spero)
1903 2275 2202 2328 difficilem
2226 2292 2373 2341 prae-

170 2347 376 2408 buerit,
403 2348 480 2400 da
504 2355 568 2400 tu
594 2363 855 2413 operam,
883 2349 1263 2400 amantissime
1291 2348 1726 2408 CAMERARI,
1754 2354 1816 2399 ut
1844 2348 2179 2401 GELLIUS
2205 2363 2374 2400 meus

171 2426 401 2472 mature
428 2425 484 2471 et
509 2435 691 2484 quam
718 2420 968 2471 citissime
994 2419 1122 2471 fieri
1148 2423 1374 2484 poterit,
1402 2420 1472 2472 50
1497 2419 1630 2471 illos
1651 2419 1986 2472 Coronatos
2010 2419 2252 2485 Patavij‚
2279 2419 2374 2471 vel

172 2490 510 2555 ubicunque
530 2493 594 2542 in
614 2490 783 2543 Italia
802 2498 951 2556 agat,
977 2491 1251 2543 obtineat.
1280 2491 1403 2543 Fiet
1423 2491 1568 2543 illud
1589 2491 1805 2555 absque
1827 2493 1991 2542 omni
2010 2497 2113 2542 tuo
2135 2491 2372 2549 damno,

173 2577 398 2627 egoque
413 2562 489 2614 ad
503 2562 1071 2627 recompensandum
1087 2569 1141 2614 et
1155 2570 1460 2628 promptus
1476 2571 1530 2614 et
1544 2570 1742 2628 gratus
1759 2565 2044 2614 inveniar.
2067 2562 2374 2613 Admonui

173 2635 350 2685 etiam
368 2634 623 2686 eundem
640 2633 1006 2686 GELLIUM
1027 2650 1130 2699 per
1151 2635 1365 2694 literaS‚
1387 2642 1450 2686 ut
1470 2634 1928 2699 quotiescunque
1950 2633 2173 2697 aliquid
2193 2633 2276 2684 illi
2298 2633 2373 2685 ad

171 2703 492 2757 studiorum
510 2704 751 2757 suorum
770 2705 1149 2758 sublevamen
1169 2707 1545 2758 necessarium
1565 2705 1738 2757 fuerit
1753 2705 1900 2769 (tum
1916 2707 2093 2756 etiam
2107 2707 2169 2756 in
2182 2704 2371 2769 sump-

171 2782 264 2827 tus
284 2775 653 2828 Instrumenti
674 2776 976 2829 cuiusdam
989 2777 1395 2836 Astronomici,
1418 2778 1577 2842 quod
1598 2776 1715 2828 illic
1735 2775 1810 2828 ob
1832 2775 2107 2840 quaedam
2124 2778 2187 2827 in
2204 2775 2374 2828 Italia

172 2848 540 2899 commodius
552 2863 733 2912 quam
744 2847 841 2900 hic
853 2847 1243 2900 observationi
1256 2851 1518 2913 patentia
1528 2850 1675 2899 meis
1689 2846 1962 2911 impensis
1975 2846 2103 2898 fieri
2117 2847 2371 2910 iniunxi)

171 2918 357 2971 statim
371 2919 447 2971 ad
462 2919 794 2970 Dominum
808 2919 1243 2972 POMERIUM
1264 2926 1319 2971 et
1337 2926 1393 2971 te
1414 2920 1486 2972 de
1508 2935 1580 2970 eo
1601 2916 1879 2971 audacter
1897 2918 2117 2979 scribat,
2139 2924 2315 2983 atque
2336 2934 2373 2970 a

170 2990 338 3042 vobis
357 3005 493 3042 meo
513 2992 757 3042 nomine
778 2997 1024 3055 expetat.
1046 2990 1305 3042 Praebete
1325 2993 1498 3055 igitur
1510 3006 1617 3042 vos
1636 2989 1837 3041 faciles
1857 2989 2092 3042 obsecro
2112 2992 2175 3040 in
2196 3005 2371 3055 expo-

172 3061 370 3113 nendo
392 3068 447 3112 et
466 3061 950 3113 subministrando
970 3061 1071 3121 illi,
1094 3062 1373 3126 quicquid
1393 3078 1430 3114 a
1449 3061 1616 3113 vobis
1636 3063 1878 3125 petierit.
1901 3061 2033 3113 Scio
2049 3063 2208 3112 enim
2222 3061 2371 3122 satis,

172 3131 341 3184 illum
367 3131 662 3197 superflua
687 3147 811 3183 non
837 3132 1311 3184 desideraturum.
1340 3133 1462 3198 Ego
1487 3134 1721 3184 vicissim
1747 3132 1906 3184 bona
1933 3139 1987 3183 et
2012 3134 2238 3197 integra
2256 3131 2371 3184 fide

172 3203 446 3268 sponde0,
474 3203 533 3255 id
560 3203 839 3267 quicquid
866 3206 987 3264 erit,
1015 3204 1175 3268 quod
1195 3206 1258 3255 in
1278 3207 1404 3256 eius
1424 3204 1593 3255 usum
1614 3220 1651 3256 a
1670 3203 1836 3255 vobis
1858 3210 2162 3269 erogatum
2181 3203 2370 3264 fuerit,

172 3277 364 3339 primo
385 3289 623 3339 quoque
643 3281 906 3339 tempore
928 3277 1070 3326 citra
1090 3290 1267 3326 omne
1288 3275 1671 3340 dispendium,
1694 3277 1871 3327 etiam
1885 3290 2020 3327 cum
2034 3274 2199 3327 lucro
2213 3277 2276 3326 in
2289 3277 2370 3326 vi-

173 3348 344 3405 cinia,
360 3345 697 3410 ubicunque
708 3346 875 3397 vobis
886 3345 1185 3410 placuerit,
1200 3346 1559 3411 persolutum
1569 3349 1656 3398 iri.
1671 3346 1767 3398 Da
1779 3345 2370 3469 ορετεᾶἱὲἓτέίλίῐέῗ
