2664 4004
132 1086 176 1122 10

132 1442 175 1478 15

146 1715 175 1758 —t-

127 2155 174 2191 25

129 3222 177 3257 40

411 283 595 347 JOH.
623 282 1091 336 PRATENSIS
1116 283 1240 336 AD
1266 282 1776 336 TYCHONEM
1803 285 1866 337 16
1891 285 2070 337 APR.
2099 285 2243 338 1573
2389 287 2433 338 ll

224 426 619 479 incommodis
639 426 901 479 obnoxia
920 425 1018 490 est)
1040 441 1223 490 quam
1243 428 1356 478 cito
1376 428 1587 491 poterit
1606 426 1702 478 vel
1727 426 1964 479 laefione
1985 427 2187 492 aliqua
2204 427 2301 480 vel
2319 427 2432 480 for-

223 500 373 550 tuito
384 495 601 550 attaclu
612 513 749 563 pars
761 497 961 549 crustae
974 497 1252 550 coloratae
1266 497 1566 550 enucleari
1574 496 1601 549 P
1616 497 1730 550 Sed
1744 498 1885 550 audi
1895 513 2099 550 meum
2111 498 2432 560 confilium,

226 569 386 634 quod
407 584 480 621 ex
499 568 803 621 Aurifabri
827 584 1066 633 quoque
1086 568 1368 621 sententia
1388 569 1492 622 tibi
1512 569 1825 621 denuncio,
1856 569 2024 634 Opus
2052 570 2126 622 est
2152 570 2350 622 nobile
2380 577 2434 622 et

224 642 452 706 regium
471 642 593 692 imo
614 655 882 693 aureum.
905 640 975 692 Et
989 643 1131 704 quia
1146 640 1420 692 Horizon
1435 646 1490 692 et
1504 640 1878 693 Meridianus
1894 648 1949 692 et
1961 641 2140 705 pedes
2159 642 2434 694 deaurari

225 711 454 772 debent,
475 711 730 777 agedum
749 711 1108 764 deauremus
1127 714 1290 776 prius
1308 718 1494 764 totam
1507 711 1873 776 superficiem
1889 711 2085 772 Globi,
2107 711 2220 764 hac
2233 718 2435 765 tamen

224 785 470 844 ratione,
500 789 564 835 ut
583 785 871 848 imagines
891 782 1030 848 ipsae
1050 798 1174 835 una
1193 798 1330 836 cum
1349 782 1520 835 stellis
1541 791 1866 848 appareant
1884 786 2084 836 minus
2103 783 2290 836 tersae:
2319 785 2435 837 das

160 874 176 892 r
223 850 296 919 ist
309 856 481 915 matt,
509 861 574 907 ut
598 854 684 906 illi
709 854 1051 918 loquuntur.
1078 854 1278 907 Partes
1297 861 1500 907 autem
1519 855 1902 915 intermediae,
1928 855 2028 907 seu
2053 850 2434 924 super-nficies

224 924 347 990 ipsa
367 925 549 978 Globi
573 925 854 991 polienda
880 928 1003 986 erit,
1032 933 1087 977 et
1113 926 1188 977 ad
1214 928 1594 978 micationem
1620 933 1675 978 et
1700 926 2069 990 splendorem
2095 926 2434 979 rutilantem

224 996 586 1058 deducenda,
618 999 720 1062 qui
749 1012 989 1062 quoque
1017 996 1289 1061 splendor
1315 999 1378 1049 in
1403 997 1535 1062 ipfis
1561 997 1733 1050 stellis
1761 997 1825 1062 (fi
1848 997 2238 1062 voluerimus)
2265 998 2433 1050 indui

223 1068 399 1132 possit,
421 1074 485 1120 ut
504 1068 676 1120 iubar
694 1067 841 1120 illud
861 1083 1131 1129 aureum,
1151 1075 1441 1132 tanquam
1460 1068 1777 1120 scintillans
1792 1085 1866 1120 ex
1878 1068 2141 1121 sublustri
2160 1072 2433 1135 imaginis

223 1138 467 1200 lumine,
496 1142 720 1191 emicet.
748 1139 835 1191 Ita
862 1146 916 1191 et
941 1138 1137 1191 forma
1155 1139 1258 1191 illa
1277 1139 1573 1192 stellarum
1592 1140 1879 1204 insculpta
1898 1139 2097 1193 exacte
2118 1140 2432 1205 repraesen-

222 1210 381 1271 tabit,
413 1225 668 1275 quarum
698 1210 1003 1275 cuspidum
1031 1210 1406 1262 subtilitatem
1434 1210 1729 1263 coloribus
1758 1211 2046 1272 aemulari,
2078 1211 2313 1264 difficile
2341 1211 2431 1264 est.

223 1281 314 1333 Illi
335 1284 495 1333 enim
514 1287 722 1334 tenues
741 1281 874 1334 illas
894 1280 1158 1346 cuspides
1179 1288 1234 1333 et
1254 1284 1550 1341 cavitateS‚
1579 1297 1715 1346 quae
1734 1285 1840 1334 toti
1859 1281 2064 1347 figurae
2085 1283 2264 1335 decus
2289 1283 2432 1348 adij-

223 1355 396 1414 ciant,
418 1352 720 1414 oblinient‚
742 1359 797 1404 et
816 1352 1125 1417 replebunt
1138 1352 1437 1404 venustate
1452 1352 1692 1404 istorum
1711 1353 2068 1418 angulorum
2087 1353 2432 1406 deformata.

224 1424 311 1476 Ita
334 1424 577 1476 tandem
602 1439 821 1476 aureus
848 1426 955 1475 erit
982 1422 1231 1484 GlobuS,
1259 1423 1620 1488 fimplicitate
1649 1424 1784 1476 coeli
1809 1427 2122 1476 materiam
2145 1432 2200 1476 et
2223 1424 2434 1477 faciem

223 1495 534 1555 aemulanS‚
555 1495 629 1547 fic
648 1495 827 1560 pedes
845 1497 1021 1560 capiti
1038 1494 1487 1559 respondebunt,
1508 1494 1682 1560 longe
1697 1495 1978 1560 ablegatis
1991 1495 2435 1548 versicoloribus

224 1573 280 1619 et
298 1565 684 1619 muliebribus
703 1566 818 1618 illis
840 1564 1281 1619 oblectamentis
1302 1566 1636 1618 oculorum:
1665 1582 1802 1631 quae
1823 1566 2109 1631 quosdam
2129 1565 2433 1628 delectant,

222 1645 287 1690 ut
311 1637 568 1690 monstra
596 1640 659 1689 in
688 1635 943 1703 picturis.
975 1637 1209 1690 Cedant
1232 1640 1664 1703 variegationes
1693 1637 2002 1699 instabileS,
2033 1637 2195 1690 color
2224 1641 2435 1690 unicus

225 1709 362 1762 esto:
393 1708 556 1761 color
584 1725 803 1761 aureus
833 1709 964 1761 est0.
995 1708 1089 1762 Sic
1118 1724 1259 1770 non,
1289 1708 1331 1760 fi
1360 1712 1557 1761 cervix
1587 1711 1808 1774 equina
1837 1708 2107 1761 humano
2135 1712 2310 1775 capiti
2335 1710 2434 1762 ad-

223 1778 424 1833 iuncta
450 1780 641 1841 fuerit,
674 1783 736 1832 in
764 1780 979 1845 piscem
1008 1780 1226 1832 definet
1254 1787 1465 1833 atrum.
1500 1780 1614 1833 Sed
1642 1783 1726 1832 mi
1757 1780 2056 1841 TYCHO,
2088 1780 2204 1833 hoc
2231 1796 2436 1833 meum

223 1851 527 1905 confilium
559 1851 650 1913 est,
679 1859 784 1904 tuo
813 1851 995 1904 illaeso
1026 1858 1082 1904 et
1108 1851 1270 1903 salvo
1296 1852 1533 1904 iudicio,
1563 1852 1660 1904 Ad
1684 1852 1914 1916 pedem,
1945 1852 2353 1904 Meridianum
2380 1859 2436 1905 et

223 1923 619 1976 Horizontem
639 1923 1052 1976 deaurandum
1071 1922 1351 1988 fignificat
1369 1923 1426 1976 se
1447 1939 1597 1988 opus
1617 1923 1837 1976 habere
1857 1924 1934 1976 ad
1953 1926 2271 1975 minimum
2289 1924 2323 1975 4
2342 1939 2433 1976 ro-

221 1994 330 2047 seis
355 1994 556 2047 nobel:
584 1994 626 2047 fi
651 1994 913 2047 nostrum
932 1994 1239 2047 confilium
1265 1994 1576 2060 amplexus
1598 1994 1796 2055 fueriS,
1823 1995 2117 2047 addantur
2136 1995 2169 2046 3
2189 1994 2285 2047 vel
2304 1995 2338 2047 4
2358 1995 2434 2047 ad

221 2066 536 2127 summum,
564 2072 620 2118 et
643 2072 834 2119 totum
859 2065 973 2119 sese
1001 2065 1187 2118 oculis
1213 2066 1418 2118 nostris
1444 2066 1679 2119 Silenus
1705 2066 1804 2118 ille
1832 2069 2054 2132 aperiet
2080 2081 2314 2118 aureus,
2341 2065 2435 2118 Tu

222 2140 514 2203 imprimis
533 2137 881 2190 sententiam
899 2144 1066 2190 tuam
1085 2137 1256 2202 super
1281 2137 1396 2190 hac
1423 2153 1486 2189 re
1509 2136 1782 2202 significa,
1811 2144 1866 2189 et
1885 2136 2203 2189 Aurifaber
2223 2138 2359 2190 dicit
2377 2137 2434 2189 se

223 2224 440 2262 aurum
468 2207 567 2261 hic
594 2208 815 2261 habere
844 2224 969 2261 non
1000 2209 1173 2273 posse:
1206 2216 1377 2260 tuum
1407 2211 1515 2260 erit
1543 2208 1619 2260 ad
1647 2209 1826 2273 pedes
1857 2215 1912 2261 et
1941 2209 2350 2261 Meridianum
2380 2214 2435 2260 et

223 2280 619 2333 Horizontem
632 2280 666 2332 4
680 2279 909 2332 nobiles
923 2279 1161 2341 rosatOS,
1176 2286 1240 2332 ut
1255 2280 1391 2340 dixi,
1409 2282 1678 2344 inprimis
1691 2282 1936 2332 mittere.
1959 2279 2434 2333 STEPHANUS

222 2351 401 2404 hodie
414 2351 511 2404 vel
525 2367 653 2404 cras
673 2354 937 2416 imponet
957 2350 1197 2411 rotulaS,
1221 2357 1276 2403 et
1296 2353 1628 2416 experietur
1646 2352 1983 2415 processum‚
2005 2350 2227 2416 urgebo
2248 2367 2433 2416 quan-

222 2429 349 2475 tum
369 2429 575 2488 potero
596 2429 652 2475 et
670 2423 1052 2488 promovebo,
1081 2422 1537 2474 Instrumentum
1555 2421 1815 2474 ferreum
1839 2423 1990 2475 bene
2016 2423 2293 2488 procedit,
2321 2422 2434 2475 hac

223 2494 564 2560 septimana,
585 2497 708 2546 imo
728 2493 953 2559 vesperi
973 2492 1319 2555 absolvetur,
1340 2500 1405 2545 ut
1424 2493 1682 2559 promifit
1701 2493 1946 2546 Artifex.

296 2565 475 2629 Quod
489 2565 565 2618 ad
578 2564 1043 2632 Typographum
1061 2567 1280 2624 attinet,
1301 2564 1423 2630 post
1441 2565 1760 2630 prandium
1779 2565 2082 2630 intelliges,
2103 2571 2242 2617 tunc
2261 2564 2435 2629 plura

223 2636 458 2697 addam,
479 2639 602 2688 iam
623 2638 783 2688 enim
803 2639 1042 2689 animus
1062 2636 1138 2688 est
1158 2639 1220 2687 in
1239 2639 1472 2701 patinis,
1494 2636 1726 2701 Figurae
1740 2652 1901 2688 nunc
1916 2635 2325 2696 excinduntur,
2347 2638 2432 2688 in-

222 2707 361 2773 stigo
382 2714 674 2773 quantum
693 2709 931 2773 possum.
953 2707 1047 2759 De
1067 2723 1293 2773 papyro
1309 2706 1622 2760 difficultas
1635 2723 1853 2773 magna
1868 2707 1963 2760 est:
1985 2707 2079 2759 sed
2094 2714 2296 2759 tamen
2310 2722 2432 2759 cor-

223 2778 518 2831 rademuS.
546 2779 640 2831 De
667 2779 907 2844 epistola
924 2794 1062 2831 mea
1082 2785 1138 2830 et
1158 2781 1435 2837 carmine,
1464 2781 1607 2843 quia
1632 2778 1902 2831 nondum
1928 2786 2164 2845 propter
2184 2793 2433 2844 occupa-

224 2852 415 2903 tiones
435 2848 700 2903 confecta
718 2850 864 2910 sunt,
885 2865 961 2902 ne
981 2849 1051 2901 fis
1068 2849 1339 2910 solicituS,
1361 2852 1649 2914 quoniam
1662 2857 1784 2902 tota
1797 2850 2076 2915 posterior
2088 2865 2225 2915 pars
2239 2852 2433 2915 operis

223 2924 484 2987 primum
512 2921 870 2974 absolvenda
899 2921 991 2982 est,
1023 2927 1206 2986 tuque
1238 2923 1464 2974 interea
1491 2922 1663 2974 nobis
1693 2921 1901 2974 aderis.
1936 2921 2050 2974 Sed
2080 2927 2217 2974 ante
2245 2921 2280 2979 4
2309 2921 2434 2973 dies

224 2999 448 3045 certum
467 2996 746 3045 nuntium
765 2992 1026 3053 habebiS,
1048 3008 1185 3045 cum
1205 3008 1326 3057 quo
1347 2995 1552 3045 omnia
1571 2995 1801 3045 mittam
1819 2994 2146 3046 necessaria.
2167 2992 2434 3045 Titulum

224 3079 464 3129 quoque
490 3080 614 3117 una
638 3067 823 3125 mitt0,
851 3079 1030 3129 quem
1055 3063 1430 3129 praefigemus
1451 3067 1638 3129 operi;
1666 3064 2042 3125 consulimuS‚
2069 3071 2135 3117 ut
2160 3067 2242 3116 ita
2260 3064 2432 3116 relin-

224 3150 390 3199 quas.
418 3135 652 3187 Etenim
677 3135 901 3200 fingula
919 3135 1100 3187 verba
1119 3135 1596 3200 perlustravimus
1617 3135 1938 3201 diligenter,
1965 3135 2061 3188 sed
2081 3135 2123 3187 fi
2143 3135 2284 3200 quid
2304 3150 2432 3186 mu-

223 3209 336 3258 tari
360 3205 541 3266 voleS‚
571 3206 671 3258 fiet
696 3207 756 3258 id
782 3206 883 3259 ubi
910 3209 1142 3258 veneris
1168 3206 1302 3258 satis
1327 3213 1575 3266 mature,
1604 3210 1890 3272 quoniam
1916 3207 2118 3259 titulus
2144 3206 2432 3272 postremo

225 3277 484 3330 cudetur.
516 3277 609 3329 De
638 3277 881 3342 reliquis
909 3277 1086 3330 iubeo
1115 3284 1171 3330 te
1199 3293 1324 3330 non
1351 3279 1454 3329 esse
1479 3277 1811 3330 sollicitum:
1843 3278 2181 3330 curabimus
2209 3293 2280 3330 ea
2307 3276 2431 3329 dili-

224 3355 440 3413 genter.
461 3347 725 3400 Verbum
749 3348 912 3409 illud,
941 3349 1100 3413 quod
1119 3348 1289 3401 titulo
1310 3348 1512 3400 assuisti
1533 3349 2191 3410 LVCVBRATIONES,
2219 3347 2430 3407 nesci0,

368 3429 413 3465 2·
2352 3433 2432 3470 an
