2632 4022
87 1091 129 1126 10

87 1448 128 1482 15

83 1805 130 1839 20

84 2162 130 2195 25

87 2874 133 2908 35

419 289 724 342 TYCHO
752 288 874 341 AD
900 287 1444 341 THADDAEUM
1471 287 2130 341 HAGECIUM1594
2274 287 2379 340 359

177 431 707 571 11131131Γ1Α111ρ118.
729 431 804 484 D.
827 430 1125 485 CURTIO
1147 436 1203 483 et
1221 430 1324 484 tibi
1345 433 1560 496 gratias
1581 431 1796 483 obnixe
1821 432 1926 496 egi,
1954 430 2114 495 quod
2140 437 2194 483 et
2220 445 2380 483 nunc

176 504 346 556 facio.

250 574 564 627 Cometam
585 574 886 638 quendam
905 576 967 626 in
987 573 1139 626 Iulio
1154 580 1210 627 et
1222 573 1484 639 Augusto
1503 573 1817 639 superioris
1837 575 1982 625 anni
2001 572 2241 625 illuxisse
2261 588 2379 625 cer-

176 653 301 698 tum
318 645 558 710 quidem
574 645 648 697 est
663 660 736 697 ex
749 644 1074 698 multorum
1086 644 1390 705 relatione,
1406 652 1464 698 at
1477 660 1588 697 nos
1604 659 1742 697 eum
1755 644 1852 697 hic
1864 644 2239 710 Uraniburgi,
2251 650 2381 696 utut

179 716 512 783 diligentius
538 716 685 769 forte
712 732 895 781 quam
921 716 1018 783 alij
1049 715 1374 769 coelestibus
1400 716 1782 778 attendenteS‚
1808 731 1932 768 non
1955 715 2380 781 conspeximuS,

176 795 303 841 tum
324 788 484 853 quod
504 788 782 840 rarissima
796 790 867 854 ijs
880 787 1244 853 temporibus
1263 787 1362 839 hic
1381 787 1555 840 fuerit
1574 786 1867 849 serenitaS,
1887 793 2015 840 tum
2029 789 2171 852 quia
2184 785 2381 839 versus

177 859 664 924 Septentrionem,
686 858 727 911 fi
747 859 988 924 quando
1009 859 1229 911 coelum
1249 874 1353 924 per
1372 858 1683 912 intervalla
1696 858 1906 911 sudum
1920 859 2062 918 esset,
2085 857 2382 911 chasmata

177 931 380 984 crebra
398 930 735 990 viserentur,
758 945 894 995 quae
916 929 1231 983 Cometam
1250 930 1367 982 istic
1386 930 1715 983 versantem
1734 945 1838 994 per
1857 929 1929 991 se,
1951 932 2036 981 uti
2056 930 2254 990 audio,
2282 929 2380 982 ad-

176 1003 421 1055 modum
435 1008 677 1054 tenuem
692 1001 1028 1054 existentem
1045 1001 1216 1054 facile
1230 1001 1376 1054 visui
1392 1001 1807 1054 subduxerunt.
1831 1000 2274 1066 Invigilavimus
2294 1002 2331 1066 ij
2338 1000 2380 1052 [-

178 1074 313 1126 dem
332 1073 626 1126 menfibus
647 1075 812 1125 omni
830 1073 1034 1126 serena
1050 1071 1218 1126 nocte
1234 1072 1393 1138 (quae
1407 1079 1609 1125 tamen
1622 1075 1707 1125 uti
1722 1070 1939 1125 dic'tum
1954 1072 2029 1124 est
2043 1072 2245 1125 crebra
2258 1087 2382 1124 non

177 1144 307 1209 fuit)
323 1145 535 1197 Martis
548 1145 899 1209 potissimum
911 1144 1087 1197 stellae
1101 1145 1177 1197 ad
1191 1143 1617 1210 acronychium
1630 1143 1800 1196 fitum
1812 1143 2103 1196 tendentis
2117 1142 2381 1195 observa-

176 1216 451 1276 tionibuS,
478 1223 542 1268 ut
568 1215 875 1269 discrimen
901 1215 1112 1268 calculi
1131 1215 1484 1280 Alphonfini
1511 1222 1566 1267 et
1592 1215 1961 1280 Copernicei,
1989 1214 2149 1280 quod
2174 1217 2236 1267 in
2261 1214 2383 1280 ipsa

178 1287 540 1353 oppositione
561 1287 594 1339 9
614 1287 829 1353 gradus
856 1287 1092 1351 (maiori
1113 1302 1295 1352 quam
1315 1302 1584 1351 unquam
1609 1286 1757 1339 alias
1781 1285 2116 1350 intervallo)
2146 1286 2381 1347 excessit,

178 1359 409 1412 coelitus
436 1359 709 1411 dirimere
736 1359 950 1419 liceret,
977 1364 1159 1423 utque
1184 1357 1340 1411 hanc
1361 1357 1782 1424 acronychiam
1802 1358 2015 1410 Martis
2035 1356 2382 1410 observatio-

177 1446 317 1483 nem
347 1432 571 1482 caeteris
600 1445 704 1495 per
732 1430 1021 1495 plurimos
1049 1429 1461 1482 antecedentes
1487 1444 1679 1482 annos
1704 1429 1919 1481 habitis
1945 1431 2381 1494 coniungerem.

178 1501 594 1567 Deprehensus
620 1508 822 1554 autem
849 1500 924 1553 est
950 1501 1119 1553 Mars
1149 1500 1236 1565 (ut
1265 1508 1320 1553 et
1349 1500 1463 1552 hoc
1493 1500 1679 1553 obiter
1707 1500 1805 1552 hic
1833 1499 2111 1563 indicem)
2142 1500 2383 1564 quando

178 1573 300 1626 Soli
321 1589 352 1625 e
374 1573 662 1626 diametro
689 1571 1115 1638 opponebatur,
1142 1587 1425 1624 numeros
1446 1571 1874 1625 COPERNICI
1900 1571 1964 1626 43—
1989 1570 2264 1637 gradibus
2287 1587 2383 1623 ex-

178 1645 400 1706 cedere,
430 1643 831 1710 Alphonfinos
859 1659 1002 1696 vero
1031 1646 1268 1709 integris
1298 1646 1494 1709 quinis
1526 1643 1801 1709 gradibus
1834 1648 2214 1702 antevertere,
2248 1658 2384 1707 quae

178 1715 509 1769 differentia
528 1718 721 1768 maior
738 1731 920 1780 quam
937 1715 1087 1768 alias
1103 1718 1166 1767 in
1190 1719 1239 1774 ὅ·
1254 1756 1266 1776 ,
1288 1731 1424 1768 cum
1444 1730 1671 1780 pernox
1692 1714 1783 1775 est,
1806 1714 2129 1767 obveniens
2148 1721 2385 1779 propter

178 1790 538 1840 vicinitatem
566 1787 811 1853 Perigaei
841 1789 1145 1839 eccentrici
1176 1786 1263 1851 (ut
1292 1789 1683 1839 communiter
1714 1785 1950 1850 loquar)
1981 1788 2232 1851 contigit,
2265 1785 2385 1838 illic

179 1861 339 1911 enim
370 1874 531 1911 error
559 1861 623 1910 111
651 1874 794 1911 vero
823 1859 1074 1924 Apogaei
1102 1858 1251 1919 loc0,
1285 1861 1388 1923 qui
1417 1858 1575 1923 apud
1606 1857 2140 1910 COPERNICUM
2170 1859 2385 1922 quinos

178 1930 392 1996 gradus
412 1932 654 1996 attingit,
676 1930 1001 1982 admodum
1018 1929 1334 1982 foecundus
1351 1929 1549 1990 existit,
1570 1935 1634 1981 ut
1651 1930 1722 1981 de
1741 1931 2181 1989 eccentricitate,
2203 1943 2383 1993 quam

178 2005 227 2053 is
246 2001 362 2054 suis
385 2001 802 2068 hypothesibus
827 2004 1187 2066 patrocinari
1205 2000 1413 2053 volens
1434 2003 1688 2052 nimium
1709 1998 2037 2061 coarctavit,
2065 2006 2128 2052 ut
2154 1999 2226 2051 de
2253 1999 2385 2066 alijs

179 2088 315 2138 quae
329 2073 446 2125 huc
461 2076 842 2138 requiruntur
854 2088 1014 2125 nunc
1028 2088 1152 2125 non
1166 2073 1375 2125 dicam.
1392 2073 1632 2124 Interim
1642 2087 1784 2124 vero
1801 2071 1887 2136 (ut
1898 2071 1974 2124 ad
1984 2086 2110 2122 rem
2122 2070 2383 2134 redeam)

180 2144 322 2197 dum
337 2144 550 2197 Martis
565 2144 972 2204 observationi,
986 2146 1215 2209 quoties
1229 2142 1429 2196 noctes
1445 2142 1743 2196 defaecatae
1757 2143 1817 2195 id
1830 2142 2231 2208 permiserunt,
2246 2157 2383 2207 gna-

178 2218 326 2268 viter
344 2215 675 2276 infistenteS,
699 2216 1012 2269 Cometam
1032 2215 1218 2276 illum,
1240 2215 1312 2267 de
1331 2230 1451 2280 quo
1468 2218 1590 2267 iam
1606 2230 1810 2267 rumor
1830 2214 2214 2275 increbuerat,
2235 2213 2383 2279 uspi-

179 2303 279 2340 am
292 2287 491 2339 videre
512 2290 908 2352 nequivimuS‚
929 2293 1059 2339 utut
1079 2287 1217 2339 data
1237 2302 1419 2351 opera
1436 2286 1605 2338 illam
1622 2285 1756 2338 coeli
1775 2285 2012 2351 plagam
2029 2287 2183 2337 circa
2201 2283 2384 2337 finem

179 2358 421 2424 Augusti
454 2359 712 2411 crebrius
742 2359 1126 2424 inspicienteS,
1161 2357 1669 2422 quemadmodum
1707 2364 1762 2409 et
1799 2356 1917 2422 alij,
1957 2358 2058 2421 qui
2096 2359 2159 2408 in
2190 2358 2386 2409 vicina

180 2429 432 2482 Haffnia
457 2430 690 2495 aliquas
715 2428 915 2483 nostes
938 2429 1078 2482 huic
1097 2429 1457 2494 inspiciendo
1478 2429 1680 2494 vigiles
1699 2428 2101 2488 traduxerunt,
2122 2434 2261 2479 voto
2281 2427 2384 2480 suo

116 2519 131 2537 r
181 2500 428 2554 frustrati
448 2501 592 2554 sunt.
615 2497 636 2570 ΙΙ
656 2501 1040 2566 Perscriptum
1060 2499 1450 2552 nihilominus
1465 2500 1541 2553 ad
1554 2515 1650 2552 me
1666 2499 1756 2560 est,
1779 2499 1939 2564 quod
1958 2498 2238 2551 studiosus
2259 2502 2383 2564 qui-

180 2572 320 2624 dam
346 2572 558 2625 Danus
586 2571 1166 2626 CHRISTIERNUS
1193 2571 1596 2625 IOHANNIS
1623 2570 1965 2623 RIPENSIS
1994 2573 2254 2630 nomine,
2283 2573 2385 2635 qui

181 2650 505 2708 antequam
518 2647 581 2696 in
596 2643 988 2696 Germaniam
1009 2644 1359 2704 concessisset,
1380 2643 1606 2708 aliquot
1626 2645 1800 2695 annis
1813 2644 1876 2693 in
1891 2643 2179 2707 exercitijs
2193 2641 2383 2693 Astro-

181 2718 430 2767 nomicis
457 2714 554 2767 hic
579 2715 729 2767 mihi
755 2715 1108 2775 inservierat,
1138 2712 1402 2766 confecto
1429 2730 1551 2766 uno
1572 2714 1667 2766 vel
1693 2713 1878 2766 altero
1899 2713 1974 2765 ad
1994 2715 2386 2765 imitationem

180 2801 453 2838 meorum
474 2786 936 2847 instrumentum,
966 2789 1092 2838 eius
1114 2785 1519 2846 observationi,
1548 2801 1668 2850 qua
1691 2785 1854 2837 licuit
1879 2786 2272 2845 accuratione,
2299 2786 2384 2836 in-

183 2857 448 2919 cubuisse,
476 2873 670 2922 neque
696 2865 898 2910 tamen
924 2857 1148 2922 aliquid
1175 2859 1314 2909 certi
1339 2856 1445 2908 nifi
1470 2857 1575 2917 bis,
1603 2857 1677 2908 ob
1702 2855 2022 2908 exilitatem
2042 2855 2309 2907 Cometae
2331 2862 2386 2908 et

181 2928 502 2981 serenitatis
530 2932 844 2994 penuriam
874 2929 1178 2981 denotasse.
1213 2927 1510 2992 Quicquid
1538 2935 1739 2980 tamen
1768 2927 1827 2979 id
1856 2926 2044 2987 fuerit,
2078 2929 2127 2978 is
2158 2926 2322 2979 brevi
2352 2943 2384 2979 e

112 3026 118 3030 ·
183 2999 449 3052 Cimbria
474 3001 670 3052 Patria
694 3000 798 3052 sua
825 3000 1038 3064 (nuper
1064 3002 1224 3051 enim
1250 3001 1312 3051 in
1338 2999 1604 3051 Daniam
1629 2998 1892 3051 reversus
1919 2997 2016 3062 est)
2042 2998 2160 3050 huc
2186 2991 2262 3050 ad
2288 3013 2384 3050 me

88 3230 134 3264 40

182 3073 427 3123 veniens
453 3070 648 3123 secum
674 3071 911 3123 adferet.
932 3070 1101 3123 Tunc
1127 3070 1167 3122 fi
1193 3070 1442 3122 viderim
1469 3085 1666 3135 operae
1692 3072 1946 3135 pretium
1972 3069 2091 3130 esse,
2120 3068 2383 3122 observa-

181 3145 372 3194 tiones
397 3142 528 3194 istas
556 3141 912 3194 examinabo
939 3148 1116 3206 atque
1143 3157 1222 3193 an
1247 3141 1585 3194 Parallaxes
1614 3142 1751 3194 inde
1777 3140 2017 3193 scrutari
2044 3140 2232 3201 liceat,
2262 3147 2384 3193 ten-

183 3213 337 3273 tab0,
365 3220 430 3265 ut
448 3213 543 3265 vel
562 3213 652 3273 fic,
679 3213 738 3265 id
759 3213 918 3278 quod
939 3213 1109 3265 nobis
1132 3215 1328 3265 invitis
1355 3210 1684 3278 negledtum
1710 3212 1801 3274 est,
1829 3212 2273 3277 quodammodo
2299 3228 2384 3265 re-

183 3284 444 3344 sarciam,
477 3290 654 3349 atque
687 3284 847 3336 hunc
881 3284 1194 3337 Cometam
1227 3286 1423 3349 quinis
1455 3283 1569 3336 illis
1601 3286 1864 3336 maxima
1896 3283 2195 3349 diligentia
2224 3299 2260 3336 a
2288 3299 2384 3335 me

185 3355 436 3407 Coelitus
454 3355 744 3408 denotatis
762 3361 938 3420 atque
955 3355 1209 3407 secundo
1223 3355 1415 3407 Tomo
1430 3355 2011 3422 Progymnasmatum
2026 3354 2384 3407 Astronomi-

2180 3441 2385 3478 corum
