2632 4022
250 294 354 346 388
785 292 1224 345 EPISTOLAE
1250 292 1924 345 ASTRONOMICAE

250 436 333 487 illi
344 439 406 487 in
418 435 618 487 mensa
627 433 916 499 depictam
926 434 1317 498 exposuissem‚
1326 433 1600 486 subiunxi
1612 434 1807 487 adhuc
1819 435 1938 487 alia
1947 436 2206 500 quadam
2216 438 2457 502 assump-

248 510 407 559 tione
429 507 586 558 idem
607 505 759 557 effici
779 507 945 570 posse,
969 512 1023 557 et
1044 505 1294 558 absurda
1314 506 1593 570 quaedam
1610 508 1674 558 in
1690 506 1784 559 his
1801 507 2095 572 prioribus
2115 511 2338 572 aperui,
2359 509 2458 561 ille

249 594 389 630 vero
412 578 498 641 (ut
519 577 593 628 est
612 579 850 642 ingenio
871 577 1196 629 admodum
1216 577 1393 629 docili
1410 584 1465 629 et
1481 577 1697 630 sciendi
1717 578 1954 643 cupido)
1975 578 2131 632 hanc
2148 579 2404 632 formam
2421 596 2459 633 a

248 665 343 701 me
370 648 470 700 fibi
498 651 675 700 etiam
702 648 923 700 ostendi
948 650 1127 713 petijt,
1156 649 1316 713 quod
1343 664 1479 700 cum
1505 649 1723 701 astante
1751 656 1805 702 et
1832 649 2144 715 aspiciente
2165 651 2266 703 isto
2287 651 2458 703 Dith-

248 720 439 773 marso
460 720 624 771 servo
645 719 748 771 suo
769 735 865 771 me
885 722 1067 771 invite
1087 718 1380 772 facturum
1401 720 1896 773 animadverteret
1923 721 2271 785 (indicatam
2297 726 2458 775 enim

248 792 333 843 illi
359 798 535 843 antea
560 806 656 842 me
679 806 710 842 e
730 790 996 842 moribus
1018 797 1073 843 et
1091 791 1540 857 phyfiognomia
1565 791 1825 845 hominis
1851 793 2186 858 perspexisse
2212 797 2459 859 quinam

250 862 397 926 esset)
419 862 516 914 ille
538 862 652 914 hoc
671 862 831 914 foras
851 863 1191 924 amandat0,
1213 870 1276 914 ut
1297 863 1460 915 aliud
1475 864 1616 928 quid
1632 871 1842 929 ageret,
1863 865 1923 916 id
1938 865 2099 929 quod
2111 865 2299 918 voluit
2313 882 2350 918 a
2362 881 2458 918 me

249 934 515 995 obtinuit,
536 933 869 998 nostrasque
891 936 1070 986 etiam
1089 933 1440 1000 hypotheses
1459 935 1808 1000 generaliter
1828 942 1883 988 et
1901 936 2153 988 breviter
2172 937 2459 990 indicatas

248 1006 350 1070 ipfi
371 1005 682 1066 delineavi‚
705 1021 852 1069 quas
873 1012 1075 1058 tamen
1094 1021 1236 1058 mox
1258 1009 1535 1070 expunxi.
1562 1007 1642 1058 At
1662 1006 2035 1060 Dithmarsus
2055 1008 2171 1069 iste,
2199 1024 2335 1060 cum
2355 1008 2458 1061 ali-

249 1078 390 1142 quid
409 1077 607 1129 secreti
627 1075 861 1129 tractari
880 1077 1324 1141 persentisceret,
1350 1084 1414 1130 ut
1435 1084 1559 1130 erat
1578 1078 1900 1139 nasutuluS,
1927 1094 1998 1131 eo
2019 1079 2353 1145 diligentius
2372 1083 2458 1132 in-

250 1152 497 1214 quirere,
519 1165 599 1201 an
619 1148 844 1213 aliquid
866 1148 1220 1202 eiuscemodi
1239 1152 1495 1214 reperire
1509 1151 1683 1215 posset
1698 1156 1752 1202 et
1765 1149 1966 1202 furtim
1980 1150 2334 1213 subtrahere,
2355 1154 2458 1204 ita-

249 1237 364 1285 que
379 1223 530 1272 inter
545 1219 778 1272 chartas
791 1235 956 1272 meas
967 1223 1030 1272 in
1042 1220 1288 1273 fenestra
1299 1221 1575 1286 repofitas
1587 1219 1875 1274 abiectam
1887 1222 2191 1287 quandam
2202 1222 2458 1275 delinea-

247 1295 471 1344 tionem
491 1291 670 1344 huius
691 1291 1073 1356 dispositionis
1094 1299 1368 1344 motuum
1390 1292 1710 1345 coelestium
1730 1293 2050 1355 adinvenit,
2078 1309 2215 1359 quae
2240 1300 2458 1355 tamen,

249 1367 477 1416 incuria
498 1363 691 1415 nescio
713 1379 848 1428 qua,
869 1366 951 1415 ita
972 1370 1095 1416 erat
1116 1363 1358 1429 depicta,
1380 1371 1444 1416 ut
1465 1364 1622 1416 orbis
1642 1364 1898 1417 Martius
1919 1365 2187 1418 Solarem
2206 1366 2461 1418 totaliter

249 1436 514 1496 ambiret,
536 1450 790 1499 cumque
811 1436 870 1487 id
890 1451 1015 1487 non
1034 1434 1186 1488 redte
1207 1436 1263 1488 se
1283 1435 1541 1497 haberet,
1565 1443 1855 1501 tanquam
1874 1439 2075 1501 inepta
2095 1443 2150 1489 et
2170 1437 2459 1490 dissonans

250 1508 455 1559 cassata
483 1513 659 1571 atque
689 1505 951 1571 neglecta
981 1506 1071 1567 est,
1102 1510 1151 1559 is
1182 1514 1382 1560 tamen
1411 1507 1567 1560 hanc
1596 1508 1781 1572 ipsam
1809 1524 1917 1572 pro
1943 1524 2086 1560 vera
2115 1515 2171 1561 et
2200 1524 2461 1575 congrua

249 1581 554 1643 arripienS‚
576 1584 679 1630 aut
698 1580 870 1630 tacite
890 1578 1086 1642 postea
1104 1579 1436 1639 delineavit,
1458 1579 1553 1631 vel
1572 1583 1863 1632 memoria
1878 1579 2255 1641 conservavit,
2278 1596 2460 1645 quam

249 1666 356 1715 pro
370 1650 474 1701 sua
487 1652 830 1701 inventione
844 1651 1174 1714 impudenti
1188 1651 1500 1703 mendacio
1515 1667 1675 1702 nunc
1689 1652 1965 1712 venditat,
1984 1651 2159 1716 seque
2175 1667 2309 1704 eam
2323 1658 2460 1704 ante

249 1724 571 1773 triennium
597 1724 660 1772 in
686 1721 904 1786 angulo
932 1722 1195 1786 quodam
1222 1722 1404 1787 Regni
1424 1722 1690 1774 Poloniae
1719 1722 1843 1787 (ubi
1869 1723 2076 1787 procul
2102 1723 2282 1776 dubio
2309 1739 2459 1776 nun-

250 1808 432 1857 quam
445 1792 657 1856 fuerat)
674 1794 1010 1858 excogitasse
1024 1792 1209 1854 finxit,
1225 1797 1347 1845 imo
1362 1800 1416 1845 et
1426 1793 1788 1846 illustrissimo
1799 1795 2054 1859 Principi
2065 1795 2460 1860 Landtgravio

251 1880 385 1916 eam
410 1871 698 1928 tanquam
725 1880 761 1916 a
786 1864 842 1916 se
870 1867 1258 1929 excogitatam
1285 1865 1556 1917 dedicare
1582 1881 1706 1917 non
1733 1866 2034 1927 erubescit;
2064 1872 2229 1918 tanta
2255 1866 2330 1918 est
2355 1866 2460 1919 ho-

249 1938 426 1987 minis
440 1935 535 1987 vel
549 1938 744 2000 potius
759 1935 872 1987 urfi
886 1935 1044 1988 istius
1058 1937 1459 1989 inverecunda
1473 1939 1826 2002 arrogantia.
1842 1938 2066 1989 Verum
2080 1938 2224 1990 dum
2237 1937 2459 1999 falsam,

251 2023 432 2072 quam
458 2006 555 2059 hic
581 2010 810 2071 reperit,
839 2007 1298 2072 designationem
1320 2008 1531 2060 eodem
1550 2009 1730 2061 modo
1751 2011 2012 2061 imitatur
2033 2016 2089 2061 et
2109 2010 2362 2062 eandem
2380 2009 2460 2062 se-

251 2082 447 2143 quitur
473 2079 942 2144 magnitudinem
970 2079 1118 2143 (erat
1144 2082 1305 2132 enim
1332 2086 1386 2132 et
1414 2096 1485 2132 ea
1512 2096 1762 2132 erronea
1789 2081 2123 2143 delineatiO,
2154 2097 2337 2146 quam
2362 2081 2460 2133 hic

249 2151 408 2211 vidit,
436 2153 498 2202 in
524 2153 750 2215 integro
775 2150 919 2202 folio
946 2154 1169 2216 patenti
1195 2150 1445 2216 depidta)
1470 2152 1604 2204 satis
1632 2152 1871 2217 ipsemet
1895 2152 2119 2209 furtum
2137 2152 2308 2205 suum
2327 2168 2458 2217 pro-

249 2222 425 2287 palat,
448 2228 502 2274 et
522 2221 652 2274 haec
673 2221 809 2286 ipsa,
832 2238 968 2287 quae
988 2220 1223 2284 iactitat,
1245 2239 1452 2275 revera
1465 2223 1521 2276 se
1535 2239 1660 2275 non
1677 2224 2014 2289 intelligere,
2035 2224 2224 2276 multo
2243 2227 2459 2286 minuS,

250 2300 314 2345 ut
335 2309 543 2345 eorum
565 2300 737 2345 autor
755 2301 808 2346 et
825 2297 1099 2346 inventor
1112 2294 1191 2355 fit,
1213 2310 1337 2347 non
1352 2295 1607 2347 obscuris
1621 2296 1852 2361 indicijs
1866 2296 2074 2361 prodit.
2097 2296 2189 2348 Sic
2203 2296 2461 2361 plurima

251 2365 385 2425 alia,
412 2368 534 2417 imo
561 2368 863 2430 praecipua
890 2372 945 2418 et
970 2365 1091 2418 fere
1118 2369 1339 2427 omnia,
1368 2382 1503 2431 quae
1529 2369 1593 2418 in
1618 2367 1720 2419 isto
1746 2367 1895 2419 libro
1919 2383 2027 2432 pro
2047 2368 2163 2420 suis
2182 2367 2459 2429 venditat,

252 2436 349 2488 etfi
374 2453 497 2488 non
523 2437 778 2489 totaliter
798 2453 834 2489 a
853 2453 949 2489 me
976 2437 1236 2502 profecta
1261 2438 1383 2499 fint,
1411 2445 1612 2490 tamen
1632 2438 1707 2491 ab
1729 2438 1860 2504 alijs
1881 2439 2322 2491 Mathematicis
2344 2439 2459 2491 five

250 2508 559 2560 scientibus
588 2508 702 2561 illis
729 2508 844 2561 five
873 2509 1025 2561 clam
1054 2509 1277 2571 habuit,
1308 2510 1459 2562 adeo
1486 2517 1550 2562 ut
1575 2510 1726 2562 nihil
1751 2510 1872 2562 fere
1899 2511 2063 2563 aliud
2089 2517 2223 2576 agat
2247 2513 2311 2562 in
2336 2517 2473 2563 toto⁴

251 2580 352 2631 isto
373 2580 589 2641 libello,
615 2596 797 2645 quam
817 2587 881 2633 ut
901 2580 1111 2633 alienis
1130 2581 1187 2633 se
1208 2589 1376 2634 ornet
1395 2582 1630 2646 plumiS,
1658 2584 1835 2634 nimis
1854 2581 2126 2647 perfricta
2144 2582 2335 2634 fronte
2356 2582 2459 2634 ali-

252 2667 425 2703 orum
445 2654 688 2704 inventa
709 2659 763 2704 et
782 2652 1016 2705 labores
1036 2652 1138 2705 fibi
1158 2652 1547 2714 attribuendO,
1571 2669 1760 2718 eaque
1779 2670 1915 2719 quae
1933 2670 2245 2719 nunquam
2263 2654 2461 2706 didicit

251 2723 346 2774 vel
372 2723 641 2787 praestare
668 2723 863 2788 potest,
891 2725 1304 2789 promittendO.
1332 2724 1447 2778 Sed
1472 2726 1747 2791 indignus
1770 2725 1844 2777 est
1863 2725 1960 2778 iste
1986 2728 2360 2786 inveterator,
2388 2725 2459 2778 de

253 2810 372 2859 quo
392 2794 565 2859 plura
584 2795 846 2856 scribam,
875 2803 930 2848 et
955 2795 1103 2848 forte
1127 2796 1258 2848 haec
1277 2796 1400 2862 ipsa
1419 2799 1607 2849 nimia
1625 2796 1777 2858 sunt;
1804 2813 1929 2850 non
1954 2799 2121 2862 potui
2146 2804 2348 2850 tamen
2373 2799 2459 2848 in-

251 2869 583 2926 termittere,
606 2870 751 2932 quin
771 2868 873 2919 tibi
893 2867 1294 2932 significarem,
1317 2871 1421 2933 qui
1440 2867 1661 2921 factum
1679 2868 1759 2930 fit,
1784 2875 1847 2920 ut
1867 2868 1964 2921 iste
1984 2868 2334 2934 hypotheses
2354 2884 2458 2920 no-

252 2937 390 2989 stras
416 2941 703 3002 acceperit
729 2938 941 3003 easque
967 2939 1202 3003 prorsus
1228 2940 1553 3004 publicarit,
1583 2947 1648 2992 ut
1676 2956 1800 2992 non
1829 2940 2018 2992 solum
2046 2946 2126 3001 tu,
2156 2940 2252 2992 sed
2282 2942 2460 2992 etiam

253 3008 887 3063 ROLLENHAGIUS
915 3017 1072 3062 certo
1098 3011 1329 3072 sciretiS,
1357 3027 1590 3063 merum
1615 3011 1837 3063 furtum
1865 3013 1968 3064 esse
1993 3014 2120 3063 eius
2140 3014 2203 3063 in
2222 3010 2336 3063 hac
2355 3011 2459 3077 hy-

253 3079 475 3143 pothefi
496 3080 963 3142 ostentationem3
993 3089 1047 3134 et
1069 3080 1222 3134 recte
1243 3083 1485 3148 quidem
1505 3084 1785 3135 asseveras
1806 3083 2089 3136 URSUM
2116 3082 2300 3143 istum,
2327 3082 2460 3135 licet

253 3166 419 3202 meos
445 3151 676 3204 labores
702 3152 1057 3217 surripuerit,
1085 3160 1286 3206 tamen
1307 3170 1446 3206 eum
1466 3154 1986 3207 fundamentaliter
2006 3157 2210 3206 omnia
2229 3169 2354 3206 non
2372 3157 2458 3206 in-

253 3222 538 3282 tellexisse,
568 3230 632 3274 ut
659 3230 817 3287 patet
842 3224 937 3276 vel
964 3240 1036 3276 ex
1061 3224 1205 3277 falsa
1229 3225 1333 3278 illa
1360 3241 1542 3290 quam
1567 3229 1844 3291 proponit
1873 3226 2285 3286 delineatione,
2316 3225 2460 3278 dum

254 3296 697 3357 proportionem
718 3296 875 3347 orbis
896 3296 1097 3362 Martij
1119 3297 1194 3349 ad
1211 3297 1481 3350 Solarem
1499 3300 1743 3362 turpiter
1762 3300 2007 3363 ignorat.
2030 3297 2100 3349 Et
2120 3297 2458 3350 ROLLEN-

256 3363 571 3417 HAGIUS
599 3365 844 3418 candide
872 3373 1048 3431 atque
1074 3368 1393 3432 prudenter
1417 3369 1635 3421 indicat
1662 3384 1749 3430 ea,
1778 3385 1913 3434 quae
1934 3385 1971 3421 a
1989 3368 2233 3434 fugitivo
2256 3367 2459 3491 diffluo

2199 3455 2325 3490 m1n
2391 3455 2457 3491 ro

2513 1099 2555 1134 10

2513 1457 2555 1492 1⁵

2510 1815 2556 1849 20

2509 2172 2555 2206 25

2509 2528 2556 2563 30

2509 2886 2555 2921 35

2508 3242 2554 3277 40
