<?xml version="1.0" encoding="UTF-8"?>
<!DOCTYPE html PUBLIC "-//W3C//DTD XHTML 1.0 Transitional//EN"
    "http://www.w3.org/TR/xhtml1/DTD/xhtml1-transitional.dtd">
<html xmlns="http://www.w3.org/1999/xhtml" xml:lang="en" lang="en">
 <head>
  <title>
</title>
<meta http-equiv="Content-Type" content="text/html;charset=utf-8" />
  <meta name='ocr-system' content='tesseract 3.04.00' />
  <meta name='ocr-capabilities' content='ocr_page ocr_carea ocr_par ocr_line ocrx_word'/>
</head>
<body>
  <div class='ocr_page' id='page_1' title='image "./operaomniaedidit07brahuoft_0129.png"; bbox 0 0 2664 4030; ppageno 0'>
   <div class='ocr_carea' id='block_1_1' title="bbox 189 303 2390 359">
    <p class='ocr_par' dir='ltr' id='par_1_1' title="bbox 189 303 2390 359">
     <span class='ocr_line' id='line_1_1' title="bbox 189 303 2390 359; baseline 0.001 -2"><span class='ocrx_word' id='word_1_1' title='bbox 189 303 639 357; x_wconf 90' lang='lat' dir='ltr'>HENRICUS</span> <span class='ocrx_word' id='word_1_2' title='bbox 660 304 1089 357; x_wconf 90' lang='lat' dir='ltr'>BRUCAEUS</span> <span class='ocrx_word' id='word_1_3' title='bbox 1108 304 1230 356; x_wconf 88' lang='lat' dir='ltr'>AD</span> <span class='ocrx_word' id='word_1_4' title='bbox 1250 304 1758 358; x_wconf 91' lang='lat' dir='ltr'><strong>TYCHONEM</strong></span> <span class='ocrx_word' id='word_1_5' title='bbox 1778 305 1854 358; x_wconf 89' lang='lat'>28</span> <span class='ocrx_word' id='word_1_6' title='bbox 1876 305 2064 358; x_wconf 92' lang='lat' dir='ltr'>OCT.</span> <span class='ocrx_word' id='word_1_7' title='bbox 2088 306 2233 359; x_wconf 88' lang='lat'>1587</span> <span class='ocrx_word' id='word_1_8' title='bbox 2308 307 2390 359; x_wconf 89' lang='lat'>115</span> 
     </span>
    </p>
   </div>
   <div class='ocr_carea' id='block_1_2' title="bbox 189 444 1382 491">
    <p class='ocr_par' dir='ltr' id='par_1_2' title="bbox 189 444 1382 491">
     <span class='ocr_line' id='line_1_2' title="bbox 189 444 1382 491; baseline 0.001 -10"><span class='ocrx_word' id='word_1_9' title='bbox 189 444 264 491; x_wconf 86' lang='lat' dir='ltr'>[Ex</span> <span class='ocrx_word' id='word_1_10' title='bbox 284 445 529 491; x_wconf 83' lang='lat' dir='ltr'>apographo</span> <span class='ocrx_word' id='word_1_11' title='bbox 549 444 594 481; x_wconf 88' lang='lat' dir='ltr'>in</span> <span class='ocrx_word' id='word_1_12' title='bbox 614 444 758 482; x_wconf 87' lang='lat' dir='ltr'>codice</span> <span class='ocrx_word' id='word_1_13' title='bbox 777 444 1098 481; x_wconf 85' lang='lat' dir='ltr'>Vindobonensi</span> <span class='ocrx_word' id='word_1_14' title='bbox 1117 445 1184 481; x_wconf 82' lang='lat' dir='ltr'>lat.</span> <span class='ocrx_word' id='word_1_15' title='bbox 1210 444 1382 490; x_wconf 81' lang='lat'>10686⁶⁶1</span> 
     </span>
    </p>
   </div>
   <div class='ocr_carea' id='block_1_3' title="bbox 243 531 2339 690">
    <p class='ocr_par' dir='ltr' id='par_1_3' title="bbox 243 531 2339 690">
     <span class='ocr_line' id='line_1_3' title="bbox 243 531 2339 690; baseline 0 -84"><span class='ocrx_word' id='word_1_16' title='bbox 243 531 831 606; x_wconf 90' lang='lat' dir='ltr'>HENRICUS</span> <span class='ocrx_word' id='word_1_17' title='bbox 874 532 1434 690; x_wconf 52' lang='grc' dir='ltr'>ΒΚΠΕὲὲΙὲ-Ιῖἓ</span> <span class='ocrx_word' id='word_1_18' title='bbox 1471 533 1634 606; x_wconf 93' lang='lat' dir='ltr'>AD</span> <span class='ocrx_word' id='word_1_19' title='bbox 1674 531 2339 607; x_wconf 91' lang='lat' dir='ltr'>TYCHONEM</span> 
     </span>
    </p>
   </div>
   <div class='ocr_carea' id='block_1_4' title="bbox 215 718 2391 941">
    <p class='ocr_par' dir='ltr' id='par_1_4' title="bbox 215 718 2391 950">
     <span class='ocr_line' id='line_1_4' title="bbox 215 718 2391 806; baseline -0.002 -17"><span class='ocrx_word' id='word_1_20' title='bbox 215 734 241 783; x_wconf 92' lang='grc'>7</span> <span class='ocrx_word' id='word_1_21' title='bbox 293 753 328 789; x_wconf 78' lang='lat'>.‘</span> <span class='ocrx_word' id='word_1_22' title='bbox 380 726 437 806; x_wconf 61' lang='grc' dir='ltr'>Χῖῗ</span> <span class='ocrx_word' id='word_1_23' title='bbox 454 731 534 765; x_wconf 66' lang='grc'>“”“·</span> <span class='ocrx_word' id='word_1_24' title='bbox 567 718 619 801; x_wconf 52' lang='grc' dir='ltr'>ἕξ</span> <span class='ocrx_word' id='word_1_25' title='bbox 641 732 1079 785; x_wconf 89' lang='lat' dir='ltr'>RATISSIMAE</span> <span class='ocrx_word' id='word_1_26' title='bbox 1105 732 1254 784; x_wconf 90' lang='lat' dir='ltr'>mihi</span> <span class='ocrx_word' id='word_1_27' title='bbox 1278 732 1517 785; x_wconf 87' lang='lat' dir='ltr'>suerunt</span> <span class='ocrx_word' id='word_1_28' title='bbox 1535 739 1654 785; x_wconf 86' lang='lat' dir='ltr'>tuae</span> <span class='ocrx_word' id='word_1_29' title='bbox 1674 732 1860 785; x_wconf 82' lang='lat' dir='ltr'>literae</span> <span class='ocrx_word' id='word_1_30' title='bbox 1880 747 2016 785; x_wconf 94' lang='lat' dir='ltr'>cum</span> <span class='ocrx_word' id='word_1_31' title='bbox 2035 732 2216 785; x_wconf 91' lang='lat' dir='ltr'>literis</span> <span class='ocrx_word' id='word_1_32' title='bbox 2236 733 2391 785; x_wconf 91' lang='lat' dir='ltr'>ultro</span> 
     </span>
     <span class='ocr_line' id='line_1_5' title="bbox 447 802 2391 887; baseline -0.001 -30"><span class='ocrx_word' id='word_1_33' title='bbox 447 832 450 836; x_wconf 94' lang='lat'>·</span> <span class='ocrx_word' id='word_1_34' title='bbox 487 817 502 875; x_wconf 70' lang='lat' dir='ltr'>j</span> <span class='ocrx_word' id='word_1_35' title='bbox 531 802 618 878; x_wconf 49' lang='grc' dir='ltr'>ὶζῖ</span> <span class='ocrx_word' id='word_1_36' title='bbox 641 807 902 887; x_wconf 83' lang='lat' dir='ltr'>citroque</span> <span class='ocrx_word' id='word_1_37' title='bbox 922 804 998 855; x_wconf 90' lang='lat' dir='ltr'>ad</span> <span class='ocrx_word' id='word_1_38' title='bbox 1019 803 1459 869; x_wconf 91' lang='lat' dir='ltr'>Landgravium</span> <span class='ocrx_word' id='word_1_39' title='bbox 1482 811 1537 856; x_wconf 93' lang='lat' dir='ltr'>et</span> <span class='ocrx_word' id='word_1_40' title='bbox 1560 806 1687 856; x_wconf 90' lang='lat' dir='ltr'>eius</span> <span class='ocrx_word' id='word_1_41' title='bbox 1707 804 2204 856; x_wconf 89' lang='lat' dir='ltr'>Mathematicum</span> <span class='ocrx_word' id='word_1_42' title='bbox 2223 804 2391 869; x_wconf 93' lang='lat' dir='ltr'>scrip-</span> 
     </span>
     <span class='ocr_line' id='line_1_6' title="bbox 305 875 2391 941; baseline 0 -14"><span class='ocrx_word' id='word_1_43' title='bbox 305 880 311 884; x_wconf 86' lang='lat'><em>&#39;</em></span> <span class='ocrx_word' id='word_1_44' title='bbox 358 883 536 941; x_wconf 51' lang='grc' dir='ltr'>β</span> <span class='ocrx_word' id='word_1_45' title='bbox 544 877 618 935; x_wconf 62' lang='grc' dir='ltr'>εἰ(</span> <span class='ocrx_word' id='word_1_46' title='bbox 638 878 726 935; x_wconf 90' lang='lat' dir='ltr'>tis,</span> <span class='ocrx_word' id='word_1_47' title='bbox 747 877 811 926; x_wconf 91' lang='lat' dir='ltr'>in</span> <span class='ocrx_word' id='word_1_48' title='bbox 831 875 1045 939; x_wconf 92' lang='lat' dir='ltr'>quibus</span> <span class='ocrx_word' id='word_1_49' title='bbox 1065 890 1189 927; x_wconf 91' lang='lat' dir='ltr'>non</span> <span class='ocrx_word' id='word_1_50' title='bbox 1208 875 1327 927; x_wconf 89' lang='lat' dir='ltr'>fine</span> <span class='ocrx_word' id='word_1_51' title='bbox 1347 875 1648 940; x_wconf 91' lang='lat' dir='ltr'>voluptate</span> <span class='ocrx_word' id='word_1_52' title='bbox 1666 875 1780 941; x_wconf 92' lang='lat' dir='ltr'>legi</span> <span class='ocrx_word' id='word_1_53' title='bbox 1791 875 2112 928; x_wconf 84' lang='lat' dir='ltr'>vestrarum</span> <span class='ocrx_word' id='word_1_54' title='bbox 2127 875 2391 928; x_wconf 89' lang='lat' dir='ltr'>observa-</span> 
     </span>
    </p>
   </div>
   <div class='ocr_carea' id='block_1_5' title="bbox 94 927 2395 2795">
    <p class='ocr_par' dir='ltr' id='par_1_5' title="bbox 212 927 2391 1154">
     <span class='ocr_line' id='line_1_7' title="bbox 255 927 2391 1026; baseline 0 -29"><span class='ocrx_word' id='word_1_55' title='bbox 255 1012 258 1013; x_wconf 9' lang='grc'><em>7</em></span> <span class='ocrx_word' id='word_1_56' title='bbox 347 1001 370 1022; x_wconf 73' lang='lat'>.</span> <span class='ocrx_word' id='word_1_57' title='bbox 433 1006 444 1015; x_wconf 46' lang='grc' dir='ltr'>Χ</span> <span class='ocrx_word' id='word_1_58' title='bbox 481 962 490 1019; x_wconf 60' lang='grc' dir='ltr'>ᾖ</span> <span class='ocrx_word' id='word_1_59' title='bbox 551 927 617 1026; x_wconf 51' lang='grc' dir='ltr'>ἐξ</span> <span class='ocrx_word' id='word_1_60' title='bbox 637 949 870 998; x_wconf 91' lang='lat' dir='ltr'>tionum</span> <span class='ocrx_word' id='word_1_61' title='bbox 884 945 1243 1008; x_wconf 86' lang='lat' dir='ltr'>consensum,</span> <span class='ocrx_word' id='word_1_62' title='bbox 1258 950 1410 998; x_wconf 89' lang='lat' dir='ltr'>tum&#39;</span> <span class='ocrx_word' id='word_1_63' title='bbox 1395 963 1459 998; x_wconf 92' lang='lat' dir='ltr'>1n</span> <span class='ocrx_word' id='word_1_64' title='bbox 1470 947 1723 999; x_wconf 90' lang='lat' dir='ltr'>Cometa</span> <span class='ocrx_word' id='word_1_65' title='bbox 1735 950 1879 999; x_wconf 92' lang='lat' dir='ltr'>anni</span> <span class='ocrx_word' id='word_1_66' title='bbox 1893 947 1978 1008; x_wconf 93' lang='lat'>85,</span> <span class='ocrx_word' id='word_1_67' title='bbox 1993 950 2148 998; x_wconf 85' lang='lat' dir='ltr'>tum&#39;</span> <span class='ocrx_word' id='word_1_68' title='bbox 2134 963 2197 998; x_wconf 94' lang='lat' dir='ltr'>1n</span> <span class='ocrx_word' id='word_1_69' title='bbox 2210 947 2391 999; x_wconf 86' lang='lat' dir='ltr'>stella-</span> 
     </span>
     <span class='ocr_line' id='line_1_8' title="bbox 212 1008 2391 1098; baseline 0.001 -31"><span class='ocrx_word' id='word_1_70' title='bbox 212 1031 226 1050; x_wconf 84' lang='lat'>··</span> <span class='ocrx_word' id='word_1_71' title='bbox 321 1008 386 1067; x_wconf 51' lang='lat' dir='ltr'>&#39;&#39;f-t:-</span> <span class='ocrx_word' id='word_1_72' title='bbox 464 1022 490 1058; x_wconf 51' lang='lat'>⁶-</span> <span class='ocrx_word' id='word_1_73' title='bbox 507 1026 598 1098; x_wconf 69' lang='lat'><em>3</em></span> <span class='ocrx_word' id='word_1_74' title='bbox 637 1033 771 1069; x_wconf 93' lang='lat' dir='ltr'>rum</span> <span class='ocrx_word' id='word_1_75' title='bbox 809 1016 1067 1068; x_wconf 86' lang='lat' dir='ltr'>fixarum</span> <span class='ocrx_word' id='word_1_76' title='bbox 1103 1020 1409 1070; x_wconf 92' lang='lat' dir='ltr'>notatione</span> <span class='ocrx_word' id='word_1_77' title='bbox 1440 1018 1878 1083; x_wconf 89' lang='lat' dir='ltr'>longitudinum</span> <span class='ocrx_word' id='word_1_78' title='bbox 1910 1024 1965 1070; x_wconf 91' lang='lat' dir='ltr'>et</span> <span class='ocrx_word' id='word_1_79' title='bbox 1995 1018 2391 1071; x_wconf 91' lang='lat' dir='ltr'>latitudinum.</span> 
     </span>
     <span class='ocr_line' id='line_1_9' title="bbox 213 1088 2392 1154; baseline 0.001 -15"><span class='ocrx_word' id='word_1_80' title='bbox 213 1096 284 1139; x_wconf 58' lang='lat'>³2.-</span> <span class='ocrx_word' id='word_1_81' title='bbox 292 1121 293 1125; x_wconf 56' lang='lat'><em>=</em></span> <span class='ocrx_word' id='word_1_82' title='bbox 591 1093 607 1111; x_wconf 72' lang='lat'>³</span> <span class='ocrx_word' id='word_1_83' title='bbox 638 1088 1002 1140; x_wconf 85' lang='lat' dir='ltr'><strong>Latitudines</strong></span> <span class='ocrx_word' id='word_1_84' title='bbox 1023 1091 1183 1140; x_wconf 92' lang='lat' dir='ltr'>enim</span> <span class='ocrx_word' id='word_1_85' title='bbox 1202 1095 1449 1153; x_wconf 90' lang='lat' dir='ltr'>uterque</span> <span class='ocrx_word' id='word_1_86' title='bbox 1469 1092 1686 1141; x_wconf 89' lang='lat' dir='ltr'>mutari</span> <span class='ocrx_word' id='word_1_87' title='bbox 1705 1089 1911 1150; x_wconf 84' lang='lat' dir='ltr'>statuit,</span> <span class='ocrx_word' id='word_1_88' title='bbox 1940 1096 1994 1141; x_wconf 94' lang='lat' dir='ltr'>et</span> <span class='ocrx_word' id='word_1_89' title='bbox 2019 1089 2181 1154; x_wconf 93' lang='lat' dir='ltr'>sequi</span> <span class='ocrx_word' id='word_1_90' title='bbox 2203 1096 2392 1142; x_wconf 91' lang='lat' dir='ltr'>muta-</span> 
     </span>
    </p>

    <p class='ocr_par' dir='ltr' id='par_1_6' title="bbox 98 1124 2391 1226">
     <span class='ocr_line' id='line_1_10' title="bbox 98 1124 2391 1226; baseline 0.001 -16"><span class='ocrx_word' id='word_1_91' title='bbox 98 1176 139 1210; x_wconf 87' lang='grc' dir='ltr'>ιο</span> <span class='ocrx_word' id='word_1_92' title='bbox 187 1163 411 1212; x_wconf 91' lang='lat' dir='ltr'>tionem</span> <span class='ocrx_word' id='word_1_93' title='bbox 426 1124 835 1212; x_wconf 81' lang='lat' dir='ltr'>declinationis</span> <span class='ocrx_word' id='word_1_94' title='bbox 847 1159 1159 1224; x_wconf 87' lang='lat' dir='ltr'>Eclipticae,</span> <span class='ocrx_word' id='word_1_95' title='bbox 1175 1159 1290 1211; x_wconf 88' lang='lat' dir='ltr'>five</span> <span class='ocrx_word' id='word_1_96' title='bbox 1305 1160 1664 1224; x_wconf 88' lang='lat' dir='ltr'>obliquitatis</span> <span class='ocrx_word' id='word_1_97' title='bbox 1676 1161 1972 1226; x_wconf 86' lang='lat' dir='ltr'>Eclipticae</span> <span class='ocrx_word' id='word_1_98' title='bbox 1982 1163 2391 1213; x_wconf 87' lang='lat' dir='ltr'>variationem.</span> 
     </span>
    </p>

    <p class='ocr_par' dir='ltr' id='par_1_7' title="bbox 94 1230 2395 2795">
     <span class='ocr_line' id='line_1_11' title="bbox 188 1230 2392 1296; baseline 0 -12"><span class='ocrx_word' id='word_1_99' title='bbox 188 1232 341 1284; x_wconf 86' lang='lat' dir='ltr'>Haec</span> <span class='ocrx_word' id='word_1_100' title='bbox 358 1247 495 1283; x_wconf 93' lang='lat' dir='ltr'>cum</span> <span class='ocrx_word' id='word_1_101' title='bbox 510 1234 792 1292; x_wconf 85' lang='lat' dir='ltr'>maxima,</span> <span class='ocrx_word' id='word_1_102' title='bbox 811 1230 1096 1282; x_wconf 75' lang='lat' dir='ltr'>sententia</span> <span class='ocrx_word' id='word_1_103' title='bbox 1111 1230 1555 1292; x_wconf 91' lang='lat' dir='ltr'>COPERNICI,</span> <span class='ocrx_word' id='word_1_104' title='bbox 1576 1231 1640 1283; x_wconf 85' lang='lat' dir='ltr'>fit</span> <span class='ocrx_word' id='word_1_105' title='bbox 1653 1231 1746 1283; x_wconf 87' lang='lat'>24</span> <span class='ocrx_word' id='word_1_106' title='bbox 1751 1248 1921 1296; x_wconf 88' lang='lat' dir='ltr'>‚quae</span> <span class='ocrx_word' id='word_1_107' title='bbox 1936 1232 2162 1296; x_wconf 88' lang='lat' dir='ltr'>aliquot</span> <span class='ocrx_word' id='word_1_108' title='bbox 2175 1232 2392 1284; x_wconf 90' lang='lat' dir='ltr'>seculo-</span> 
     </span>
     <span class='ocr_line' id='line_1_12' title="bbox 187 1302 2392 1363; baseline 0 -9"><span class='ocrx_word' id='word_1_109' title='bbox 187 1318 322 1355; x_wconf 92' lang='lat' dir='ltr'>rum</span> <span class='ocrx_word' id='word_1_110' title='bbox 343 1303 588 1355; x_wconf 90' lang='lat' dir='ltr'>decursu</span> <span class='ocrx_word' id='word_1_111' title='bbox 606 1302 725 1363; x_wconf 90' lang='lat' dir='ltr'>fiat,</span> <span class='ocrx_word' id='word_1_112' title='bbox 751 1309 806 1354; x_wconf 92' lang='lat' dir='ltr'>et</span> <span class='ocrx_word' id='word_1_113' title='bbox 829 1317 965 1354; x_wconf 94' lang='lat' dir='ltr'>cum</span> <span class='ocrx_word' id='word_1_114' title='bbox 984 1318 1110 1354; x_wconf 93' lang='lat' dir='ltr'>non</span> <span class='ocrx_word' id='word_1_115' title='bbox 1128 1302 1383 1354; x_wconf 92' lang='lat' dir='ltr'>multum</span> <span class='ocrx_word' id='word_1_116' title='bbox 1409 1305 1560 1355; x_wconf 91' lang='lat' dir='ltr'>inter</span> <span class='ocrx_word' id='word_1_117' title='bbox 1584 1302 1680 1354; x_wconf 92' lang='lat' dir='ltr'>PT</span> <span class='ocrx_word' id='word_1_118' title='bbox 1684 1302 2124 1355; x_wconf 91' lang='lat' dir='ltr'><strong>OLEMAEUM</strong></span> <span class='ocrx_word' id='word_1_119' title='bbox 2151 1310 2206 1355; x_wconf 90' lang='lat' dir='ltr'>et</span> <span class='ocrx_word' id='word_1_120' title='bbox 2234 1304 2392 1355; x_wconf 93' lang='lat' dir='ltr'>HIP-</span> 
     </span>
     <span class='ocr_line' id='line_1_13' title="bbox 187 1373 2393 1439; baseline 0 -13"><span class='ocrx_word' id='word_1_121' title='bbox 187 1374 593 1427; x_wconf 88' lang='lat' dir='ltr'>PARCHUM</span> <span class='ocrx_word' id='word_1_122' title='bbox 624 1380 680 1426; x_wconf 92' lang='lat' dir='ltr'>et</span> <span class='ocrx_word' id='word_1_123' title='bbox 709 1373 1183 1426; x_wconf 88' lang='lat' dir='ltr'><strong>MENELAUM</strong></span> <span class='ocrx_word' id='word_1_124' title='bbox 1214 1382 1269 1425; x_wconf 93' lang='lat' dir='ltr'>et</span> <span class='ocrx_word' id='word_1_125' title='bbox 1296 1373 1827 1427; x_wconf 87' lang='lat' dir='ltr'>TIMOCHARIN</span> <span class='ocrx_word' id='word_1_126' title='bbox 1856 1381 2191 1439; x_wconf 92' lang='lat' dir='ltr'>temporum</span> <span class='ocrx_word' id='word_1_127' title='bbox 2219 1377 2393 1427; x_wconf 90' lang='lat' dir='ltr'>inter-</span> 
     </span>
     <span class='ocr_line' id='line_1_14' title="bbox 187 1444 2394 1510; baseline -0 -12"><span class='ocrx_word' id='word_1_128' title='bbox 187 1445 414 1498; x_wconf 90' lang='lat' dir='ltr'>vallum</span> <span class='ocrx_word' id='word_1_129' title='bbox 443 1445 778 1506; x_wconf 88' lang='lat' dir='ltr'>intercedat,</span> <span class='ocrx_word' id='word_1_130' title='bbox 811 1461 936 1497; x_wconf 92' lang='lat' dir='ltr'>non</span> <span class='ocrx_word' id='word_1_131' title='bbox 966 1448 1203 1506; x_wconf 92' lang='lat' dir='ltr'>mirum,</span> <span class='ocrx_word' id='word_1_132' title='bbox 1235 1444 1616 1498; x_wconf 89' lang='lat' dir='ltr'>latitudinum</span> <span class='ocrx_word' id='word_1_133' title='bbox 1646 1448 2038 1497; x_wconf 90' lang='lat' dir='ltr'>mutationem</span> <span class='ocrx_word' id='word_1_134' title='bbox 2066 1446 2140 1498; x_wconf 93' lang='lat' dir='ltr'>ab</span> <span class='ocrx_word' id='word_1_135' title='bbox 2170 1447 2241 1510; x_wconf 88' lang='lat' dir='ltr'>ijs</span> <span class='ocrx_word' id='word_1_136' title='bbox 2270 1462 2394 1498; x_wconf 95' lang='lat' dir='ltr'>non</span> 
     </span>
     <span class='ocr_line' id='line_1_15' title="bbox 98 1516 2393 1582; baseline 0 -15"><span class='ocrx_word' id='word_1_137' title='bbox 98 1533 140 1567; x_wconf 88' lang='lat'>15</span> <span class='ocrx_word' id='word_1_138' title='bbox 189 1523 551 1570; x_wconf 91' lang='lat' dir='ltr'>annotatam.</span> <span class='ocrx_word' id='word_1_139' title='bbox 573 1517 798 1568; x_wconf 90' lang='lat' dir='ltr'>Verum</span> <span class='ocrx_word' id='word_1_140' title='bbox 824 1517 895 1568; x_wconf 92' lang='lat' dir='ltr'>de</span> <span class='ocrx_word' id='word_1_141' title='bbox 923 1516 1380 1569; x_wconf 91' lang='lat' dir='ltr'>COPERNICO</span> <span class='ocrx_word' id='word_1_142' title='bbox 1407 1519 1606 1578; x_wconf 92' lang='lat' dir='ltr'>miror,</span> <span class='ocrx_word' id='word_1_143' title='bbox 1634 1519 1737 1582; x_wconf 94' lang='lat' dir='ltr'>qui</span> <span class='ocrx_word' id='word_1_144' title='bbox 1764 1517 2094 1568; x_wconf 90' lang='lat' dir='ltr'>evidentem</span> <span class='ocrx_word' id='word_1_145' title='bbox 2121 1520 2393 1569; x_wconf 89' lang='lat' dir='ltr'>mutatio-</span> 
     </span>
     <span class='ocr_line' id='line_1_16' title="bbox 187 1587 2393 1653; baseline 0 -13"><span class='ocrx_word' id='word_1_146' title='bbox 187 1604 327 1641; x_wconf 92' lang='lat' dir='ltr'>nem</span> <span class='ocrx_word' id='word_1_147' title='bbox 347 1588 546 1640; x_wconf 92' lang='lat' dir='ltr'>debuit</span> <span class='ocrx_word' id='word_1_148' title='bbox 565 1587 1035 1640; x_wconf 90' lang='lat' dir='ltr'>animadvertere</span> <span class='ocrx_word' id='word_1_149' title='bbox 1055 1590 1301 1640; x_wconf 88' lang='lat' dir='ltr'>intanta</span> <span class='ocrx_word' id='word_1_150' title='bbox 1322 1588 1680 1653; x_wconf 90' lang='lat' dir='ltr'>obliquitatis</span> <span class='ocrx_word' id='word_1_151' title='bbox 1700 1591 2027 1640; x_wconf 89' lang='lat' dir='ltr'>mutatione</span> <span class='ocrx_word' id='word_1_152' title='bbox 2047 1591 2198 1640; x_wconf 92' lang='lat' dir='ltr'>inter</span> <span class='ocrx_word' id='word_1_153' title='bbox 2218 1587 2313 1640; x_wconf 89' lang='lat' dir='ltr'>PT</span> <span class='ocrx_word' id='word_1_154' title='bbox 2316 1589 2393 1641; x_wconf 90' lang='lat'>0-</span> 
     </span>
     <span class='ocr_line' id='line_1_17' title="bbox 188 1659 2394 1720; baseline 0 -9"><span class='ocrx_word' id='word_1_155' title='bbox 188 1659 570 1712; x_wconf 91' lang='lat' dir='ltr'><strong>LEMAEUM</strong></span> <span class='ocrx_word' id='word_1_156' title='bbox 592 1666 647 1711; x_wconf 92' lang='lat' dir='ltr'>et</span> <span class='ocrx_word' id='word_1_157' title='bbox 668 1659 1202 1712; x_wconf 90' lang='lat' dir='ltr'>COPERNICUM</span> <span class='ocrx_word' id='word_1_158' title='bbox 1224 1660 1636 1720; x_wconf 87' lang='lat' dir='ltr'>intercedente,</span> <span class='ocrx_word' id='word_1_159' title='bbox 1657 1659 1698 1711; x_wconf 86' lang='lat' dir='ltr'>fi</span> <span class='ocrx_word' id='word_1_160' title='bbox 1716 1675 1876 1712; x_wconf 87' lang='lat' dir='ltr'>verae</span> <span class='ocrx_word' id='word_1_161' title='bbox 1895 1659 2025 1712; x_wconf 95' lang='lat' dir='ltr'>sunt</span> <span class='ocrx_word' id='word_1_162' title='bbox 2044 1659 2394 1712; x_wconf 89' lang='lat' dir='ltr'>observatio-</span> 
     </span>
     <span class='ocr_line' id='line_1_18' title="bbox 188 1731 2394 1795; baseline 0 -13"><span class='ocrx_word' id='word_1_163' title='bbox 188 1746 310 1791; x_wconf 82' lang='lat' dir='ltr'>neS‚</span> <span class='ocrx_word' id='word_1_164' title='bbox 326 1746 462 1795; x_wconf 87' lang='lat' dir='ltr'>quae</span> <span class='ocrx_word' id='word_1_165' title='bbox 476 1737 702 1783; x_wconf 91' lang='lat' dir='ltr'>tantam</span> <span class='ocrx_word' id='word_1_166' title='bbox 717 1731 1077 1795; x_wconf 89' lang='lat' dir='ltr'>obliquitatis</span> <span class='ocrx_word' id='word_1_167' title='bbox 1090 1731 1334 1783; x_wconf 90' lang='lat' dir='ltr'>Zodiaei</span> <span class='ocrx_word' id='word_1_168' title='bbox 1346 1734 1741 1783; x_wconf 89' lang='lat' dir='ltr'>variationem</span> <span class='ocrx_word' id='word_1_169' title='bbox 1754 1731 2007 1783; x_wconf 88' lang='lat' dir='ltr'>tradunt.</span> <span class='ocrx_word' id='word_1_170' title='bbox 2025 1731 2179 1794; x_wconf 85' lang='lat' dir='ltr'>Quae</span> <span class='ocrx_word' id='word_1_171' title='bbox 2194 1738 2394 1783; x_wconf 90' lang='lat' dir='ltr'>autem</span> 
     </span>
     <span class='ocr_line' id='line_1_19' title="bbox 189 1800 2393 1867; baseline -0 -12"><span class='ocrx_word' id='word_1_172' title='bbox 189 1803 260 1855; x_wconf 90' lang='lat' dir='ltr'>de</span> <span class='ocrx_word' id='word_1_173' title='bbox 281 1800 628 1855; x_wconf 71' lang='lat' dir='ltr'>refractione</span> <span class='ocrx_word' id='word_1_174' title='bbox 648 1802 900 1854; x_wconf 87' lang='lat' dir='ltr'>siderum</span> <span class='ocrx_word' id='word_1_175' title='bbox 919 1802 1116 1862; x_wconf 83' lang='lat' dir='ltr'>tradiS,</span> <span class='ocrx_word' id='word_1_176' title='bbox 1137 1801 1368 1854; x_wconf 88' lang='lat' dir='ltr'>subtilia</span> <span class='ocrx_word' id='word_1_177' title='bbox 1387 1805 1564 1855; x_wconf 92' lang='lat' dir='ltr'>nimis</span> <span class='ocrx_word' id='word_1_178' title='bbox 1584 1802 1733 1854; x_wconf 89' lang='lat' dir='ltr'>mihi</span> <span class='ocrx_word' id='word_1_179' title='bbox 1752 1803 2041 1863; x_wconf 90' lang='lat' dir='ltr'>videntur,</span> <span class='ocrx_word' id='word_1_180' title='bbox 2064 1808 2118 1854; x_wconf 92' lang='lat' dir='ltr'>et</span> <span class='ocrx_word' id='word_1_181' title='bbox 2137 1816 2272 1867; x_wconf 85' lang='lat' dir='ltr'>quae</span> <span class='ocrx_word' id='word_1_182' title='bbox 2291 1802 2393 1854; x_wconf 92' lang='lat' dir='ltr'>sub</span> 
     </span>
     <span class='ocr_line' id='line_1_20' title="bbox 94 1873 2393 1939; baseline 0.001 -15"><span class='ocrx_word' id='word_1_183' title='bbox 94 1889 141 1923; x_wconf 89' lang='lat'>20</span> <span class='ocrx_word' id='word_1_184' title='bbox 188 1873 454 1939; x_wconf 90' lang='lat' dir='ltr'>regulam</span> <span class='ocrx_word' id='word_1_185' title='bbox 469 1873 677 1926; x_wconf 88' lang='lat' dir='ltr'>cadere</span> <span class='ocrx_word' id='word_1_186' title='bbox 688 1876 788 1926; x_wconf 83' lang='lat' dir='ltr'>vix</span> <span class='ocrx_word' id='word_1_187' title='bbox 801 1876 1055 1938; x_wconf 89' lang='lat' dir='ltr'>poterint</span> <span class='ocrx_word' id='word_1_188' title='bbox 1066 1873 1142 1925; x_wconf 95' lang='lat' dir='ltr'>ob</span> <span class='ocrx_word' id='word_1_189' title='bbox 1154 1873 1408 1926; x_wconf 90' lang='lat' dir='ltr'>diversas</span> <span class='ocrx_word' id='word_1_190' title='bbox 1422 1877 1576 1926; x_wconf 71' lang='lat' dir='ltr'>aeris</span> <span class='ocrx_word' id='word_1_191' title='bbox 1591 1874 2043 1934; x_wconf 84' lang='lat' dir='ltr'>constitutioneS,</span> <span class='ocrx_word' id='word_1_192' title='bbox 2056 1889 2192 1938; x_wconf 86' lang='lat' dir='ltr'>quae</span> <span class='ocrx_word' id='word_1_193' title='bbox 2206 1876 2393 1926; x_wconf 91' lang='lat' dir='ltr'>varie-</span> 
     </span>
     <span class='ocr_line' id='line_1_21' title="bbox 186 1943 2395 2009; baseline 0 -12"><span class='ocrx_word' id='word_1_194' title='bbox 186 1952 367 1998; x_wconf 90' lang='lat' dir='ltr'>tatem</span> <span class='ocrx_word' id='word_1_195' title='bbox 386 1943 806 1998; x_wconf 70' lang='lat' dir='ltr'>refractionum</span> <span class='ocrx_word' id='word_1_196' title='bbox 818 1947 882 1997; x_wconf 94' lang='lat' dir='ltr'>in</span> <span class='ocrx_word' id='word_1_197' title='bbox 897 1945 1107 1997; x_wconf 91' lang='lat' dir='ltr'>eadem</span> <span class='ocrx_word' id='word_1_198' title='bbox 1125 1945 1379 1997; x_wconf 80' lang='lat' dir='ltr'>siderum</span> <span class='ocrx_word' id='word_1_199' title='bbox 1398 1945 1707 1998; x_wconf 91' lang='lat' dir='ltr'>altitudine</span> <span class='ocrx_word' id='word_1_200' title='bbox 1728 1945 1997 1997; x_wconf 88' lang='lat' dir='ltr'>efficient.</span> <span class='ocrx_word' id='word_1_201' title='bbox 2020 1945 2174 2009; x_wconf 83' lang='lat' dir='ltr'>Quae</span> <span class='ocrx_word' id='word_1_202' title='bbox 2193 1951 2395 1997; x_wconf 87' lang='lat' dir='ltr'>autem</span> 
     </span>
     <span class='ocr_line' id='line_1_22' title="bbox 188 2015 2395 2070; baseline 0 -2"><span class='ocrx_word' id='word_1_203' title='bbox 188 2032 226 2068; x_wconf 92' lang='lat' dir='ltr'>a</span> <span class='ocrx_word' id='word_1_204' title='bbox 253 2015 566 2069; x_wconf 70' lang='lat' dir='ltr'>doctissimo</span> <span class='ocrx_word' id='word_1_205' title='bbox 597 2015 1223 2069; x_wconf 91' lang='lat' dir='ltr'>CHRISTOPHORO</span> <span class='ocrx_word' id='word_1_206' title='bbox 1255 2016 1793 2070; x_wconf 86' lang='lat' dir='ltr'>ROTHMANNO</span> <span class='ocrx_word' id='word_1_207' title='bbox 1822 2019 1885 2068; x_wconf 95' lang='lat' dir='ltr'>in</span> <span class='ocrx_word' id='word_1_208' title='bbox 1913 2016 2018 2068; x_wconf 90' lang='lat' dir='ltr'>sua</span> <span class='ocrx_word' id='word_1_209' title='bbox 2044 2017 2116 2068; x_wconf 94' lang='lat' dir='ltr'>de</span> <span class='ocrx_word' id='word_1_210' title='bbox 2144 2016 2395 2068; x_wconf 93' lang='lat' dir='ltr'>Cometa</span> 
     </span>
     <span class='ocr_line' id='line_1_23' title="bbox 188 2086 2393 2153; baseline -0 -13"><span class='ocrx_word' id='word_1_211' title='bbox 188 2090 333 2140; x_wconf 91' lang='lat' dir='ltr'>anni</span> <span class='ocrx_word' id='word_1_212' title='bbox 351 2088 420 2141; x_wconf 88' lang='lat'>85</span> <span class='ocrx_word' id='word_1_213' title='bbox 440 2086 785 2141; x_wconf 69' lang='lat' dir='ltr'>tractatione</span> <span class='ocrx_word' id='word_1_214' title='bbox 805 2094 1363 2148; x_wconf 88' lang='lat' dir='ltr'>commemorantur,</span> <span class='ocrx_word' id='word_1_215' title='bbox 1383 2088 1564 2139; x_wconf 90' lang='lat' dir='ltr'>velim</span> <span class='ocrx_word' id='word_1_216' title='bbox 1582 2088 1790 2153; x_wconf 90' lang='lat' dir='ltr'>legere.</span> <span class='ocrx_word' id='word_1_217' title='bbox 1813 2088 1900 2139; x_wconf 87' lang='lat' dir='ltr'>Ex</span> <span class='ocrx_word' id='word_1_218' title='bbox 1914 2087 2218 2153; x_wconf 89' lang='lat' dir='ltr'>hypothefi</span> <span class='ocrx_word' id='word_1_219' title='bbox 2233 2090 2393 2140; x_wconf 92' lang='lat' dir='ltr'>enim</span> 
     </span>
     <span class='ocr_line' id='line_1_24' title="bbox 187 2158 2392 2224; baseline -0 -13"><span class='ocrx_word' id='word_1_220' title='bbox 187 2158 330 2211; x_wconf 91' lang='lat' dir='ltr'>falsa</span> <span class='ocrx_word' id='word_1_221' title='bbox 348 2175 558 2212; x_wconf 91' lang='lat' dir='ltr'>verum</span> <span class='ocrx_word' id='word_1_222' title='bbox 576 2159 738 2224; x_wconf 93' lang='lat' dir='ltr'>sequi</span> <span class='ocrx_word' id='word_1_223' title='bbox 757 2175 882 2212; x_wconf 93' lang='lat' dir='ltr'>non</span> <span class='ocrx_word' id='word_1_224' title='bbox 902 2158 1128 2219; x_wconf 91' lang='lat' dir='ltr'>dubito;</span> <span class='ocrx_word' id='word_1_225' title='bbox 1154 2158 1455 2211; x_wconf 92' lang='lat' dir='ltr'>scientiam</span> <span class='ocrx_word' id='word_1_226' title='bbox 1475 2165 1676 2211; x_wconf 89' lang='lat' dir='ltr'>autem</span> <span class='ocrx_word' id='word_1_227' title='bbox 1694 2158 1839 2219; x_wconf 90' lang='lat' dir='ltr'>fieri,</span> <span class='ocrx_word' id='word_1_228' title='bbox 1866 2159 2067 2211; x_wconf 94' lang='lat' dir='ltr'>nullus</span> <span class='ocrx_word' id='word_1_229' title='bbox 2092 2158 2241 2210; x_wconf 89' lang='lat' dir='ltr'>mihi</span> <span class='ocrx_word' id='word_1_230' title='bbox 2265 2174 2392 2223; x_wconf 91' lang='lat' dir='ltr'>per-</span> 
     </span>
     <span class='ocr_line' id='line_1_25' title="bbox 94 2230 2394 2292; baseline 0 -11"><span class='ocrx_word' id='word_1_231' title='bbox 94 2246 139 2280; x_wconf 86' lang='lat'>25</span> <span class='ocrx_word' id='word_1_232' title='bbox 188 2230 438 2292; x_wconf 82' lang='lat' dir='ltr'>suaserit,</span> <span class='ocrx_word' id='word_1_233' title='bbox 459 2230 500 2282; x_wconf 87' lang='lat' dir='ltr'>fi</span> <span class='ocrx_word' id='word_1_234' title='bbox 520 2230 728 2283; x_wconf 88' lang='lat' dir='ltr'>debeat</span> <span class='ocrx_word' id='word_1_235' title='bbox 748 2246 821 2282; x_wconf 90' lang='lat' dir='ltr'>ea</span> <span class='ocrx_word' id='word_1_236' title='bbox 840 2233 981 2283; x_wconf 92' lang='lat' dir='ltr'>oriri</span> <span class='ocrx_word' id='word_1_237' title='bbox 1002 2245 1075 2282; x_wconf 86' lang='lat' dir='ltr'>ex</span> <span class='ocrx_word' id='word_1_238' title='bbox 1095 2230 1278 2282; x_wconf 87' lang='lat' dir='ltr'>caufis</span> <span class='ocrx_word' id='word_1_239' title='bbox 1294 2233 1449 2282; x_wconf 90' lang='lat' dir='ltr'>veris</span> <span class='ocrx_word' id='word_1_240' title='bbox 1467 2230 1870 2282; x_wconf 75' lang='lat' dir='ltr'>conclusionis,</span> <span class='ocrx_word' id='word_1_241' title='bbox 1889 2230 2172 2283; x_wconf 92' lang='lat' dir='ltr'>Videmus</span> <span class='ocrx_word' id='word_1_242' title='bbox 2193 2236 2394 2282; x_wconf 90' lang='lat' dir='ltr'>autem</span> 
     </span>
     <span class='ocr_line' id='line_1_26' title="bbox 188 2302 2392 2367; baseline 0 -14"><span class='ocrx_word' id='word_1_243' title='bbox 188 2308 418 2354; x_wconf 92' lang='lat' dir='ltr'>motum</span> <span class='ocrx_word' id='word_1_244' title='bbox 438 2302 590 2355; x_wconf 91' lang='lat' dir='ltr'>Solis</span> <span class='ocrx_word' id='word_1_245' title='bbox 610 2308 733 2354; x_wconf 93' lang='lat' dir='ltr'>tam</span> <span class='ocrx_word' id='word_1_246' title='bbox 752 2317 856 2367; x_wconf 92' lang='lat' dir='ltr'>per</span> <span class='ocrx_word' id='word_1_247' title='bbox 876 2302 1296 2363; x_wconf 89' lang='lat' dir='ltr'>Eccentricum,</span> <span class='ocrx_word' id='word_1_248' title='bbox 1317 2317 1500 2366; x_wconf 94' lang='lat' dir='ltr'>quam</span> <span class='ocrx_word' id='word_1_249' title='bbox 1519 2318 1624 2366; x_wconf 93' lang='lat' dir='ltr'>per</span> <span class='ocrx_word' id='word_1_250' title='bbox 1638 2302 2096 2354; x_wconf 88' lang='lat' dir='ltr'>Concentricum</span> <span class='ocrx_word' id='word_1_251' title='bbox 2110 2317 2246 2354; x_wconf 90' lang='lat' dir='ltr'>cum</span> <span class='ocrx_word' id='word_1_252' title='bbox 2261 2302 2392 2366; x_wconf 90' lang='lat' dir='ltr'>Epi-</span> 
     </span>
     <span class='ocr_line' id='line_1_27' title="bbox 190 2372 2392 2439; baseline 0 -15"><span class='ocrx_word' id='word_1_253' title='bbox 190 2372 352 2439; x_wconf 86' lang='lat' dir='ltr'>cyclo</span> <span class='ocrx_word' id='word_1_254' title='bbox 380 2376 531 2425; x_wconf 92' lang='lat' dir='ltr'>tueri</span> <span class='ocrx_word' id='word_1_255' title='bbox 561 2389 671 2425; x_wconf 92' lang='lat' dir='ltr'>nos</span> <span class='ocrx_word' id='word_1_256' title='bbox 700 2374 866 2437; x_wconf 88' lang='lat' dir='ltr'>posse,</span> <span class='ocrx_word' id='word_1_257' title='bbox 897 2388 1034 2425; x_wconf 93' lang='lat' dir='ltr'>cum</span> <span class='ocrx_word' id='word_1_258' title='bbox 1059 2373 1155 2425; x_wconf 91' lang='lat' dir='ltr'>vel</span> <span class='ocrx_word' id='word_1_259' title='bbox 1182 2379 1393 2425; x_wconf 90' lang='lat' dir='ltr'>neutra</span> <span class='ocrx_word' id='word_1_260' title='bbox 1418 2373 1514 2425; x_wconf 94' lang='lat' dir='ltr'>vel</span> <span class='ocrx_word' id='word_1_261' title='bbox 1542 2373 1727 2425; x_wconf 90' lang='lat' dir='ltr'>altera</span> <span class='ocrx_word' id='word_1_262' title='bbox 1755 2373 2089 2439; x_wconf 84' lang='lat' dir='ltr'>hypothesis</span> <span class='ocrx_word' id='word_1_263' title='bbox 2117 2388 2261 2425; x_wconf 90' lang='lat' dir='ltr'>vera</span> <span class='ocrx_word' id='word_1_264' title='bbox 2290 2374 2392 2424; x_wconf 89' lang='lat' dir='ltr'>esse</span> 
     </span>
     <span class='ocr_line' id='line_1_28' title="bbox 190 2444 2393 2509; baseline -0 -13"><span class='ocrx_word' id='word_1_265' title='bbox 190 2451 383 2508; x_wconf 88' lang='lat' dir='ltr'>queat,</span> <span class='ocrx_word' id='word_1_266' title='bbox 404 2451 468 2497; x_wconf 94' lang='lat' dir='ltr'>ut</span> <span class='ocrx_word' id='word_1_267' title='bbox 488 2460 612 2496; x_wconf 92' lang='lat' dir='ltr'>non</span> <span class='ocrx_word' id='word_1_268' title='bbox 630 2444 765 2496; x_wconf 91' lang='lat' dir='ltr'>satis</span> <span class='ocrx_word' id='word_1_269' title='bbox 784 2444 1123 2509; x_wconf 88' lang='lat' dir='ltr'>intelligam,</span> <span class='ocrx_word' id='word_1_270' title='bbox 1145 2460 1249 2496; x_wconf 94' lang='lat' dir='ltr'>cur</span> <span class='ocrx_word' id='word_1_271' title='bbox 1267 2444 1382 2496; x_wconf 94' lang='lat' dir='ltr'>hoc</span> <span class='ocrx_word' id='word_1_272' title='bbox 1401 2447 1465 2496; x_wconf 94' lang='lat' dir='ltr'>in</span> <span class='ocrx_word' id='word_1_273' title='bbox 1484 2444 1616 2496; x_wconf 94' lang='lat' dir='ltr'>loco</span> <span class='ocrx_word' id='word_1_274' title='bbox 1630 2444 2160 2497; x_wconf 91' lang='lat' dir='ltr'>ARISTOTELES</span> <span class='ocrx_word' id='word_1_275' title='bbox 2179 2444 2393 2496; x_wconf 91' lang='lat' dir='ltr'>subtili-</span> 
     </span>
     <span class='ocr_line' id='line_1_29' title="bbox 189 2515 2392 2581; baseline 0 -14"><span class='ocrx_word' id='word_1_276' title='bbox 189 2518 322 2568; x_wconf 84' lang='lat' dir='ltr'>tatis</span> <span class='ocrx_word' id='word_1_277' title='bbox 342 2523 636 2581; x_wconf 88' lang='lat' dir='ltr'>arguatur.</span> <span class='ocrx_word' id='word_1_278' title='bbox 659 2515 813 2579; x_wconf 85' lang='lat' dir='ltr'>Quae</span> <span class='ocrx_word' id='word_1_279' title='bbox 828 2516 900 2568; x_wconf 93' lang='lat' dir='ltr'>de</span> <span class='ocrx_word' id='word_1_280' title='bbox 915 2518 1140 2568; x_wconf 91' lang='lat' dir='ltr'>cancris</span> <span class='ocrx_word' id='word_1_281' title='bbox 1158 2515 1497 2568; x_wconf 90' lang='lat' dir='ltr'>fluvialibus</span> <span class='ocrx_word' id='word_1_282' title='bbox 1517 2516 1728 2576; x_wconf 90' lang='lat' dir='ltr'>scribis,</span> <span class='ocrx_word' id='word_1_283' title='bbox 1750 2516 1903 2568; x_wconf 92' lang='lat' dir='ltr'>dabo</span> <span class='ocrx_word' id='word_1_284' title='bbox 1925 2531 2184 2580; x_wconf 89' lang='lat' dir='ltr'>operam,</span> <span class='ocrx_word' id='word_1_285' title='bbox 2207 2531 2392 2580; x_wconf 91' lang='lat' dir='ltr'>quan-</span> 
     </span>
     <span class='ocr_line' id='line_1_30' title="bbox 94 2586 2392 2652; baseline 0 -14"><span class='ocrx_word' id='word_1_286' title='bbox 94 2603 141 2638; x_wconf 88' lang='lat'>30</span> <span class='ocrx_word' id='word_1_287' title='bbox 189 2593 317 2639; x_wconf 91' lang='lat' dir='ltr'>tum</span> <span class='ocrx_word' id='word_1_288' title='bbox 345 2590 409 2640; x_wconf 94' lang='lat' dir='ltr'>in</span> <span class='ocrx_word' id='word_1_289' title='bbox 437 2603 534 2639; x_wconf 91' lang='lat' dir='ltr'>me</span> <span class='ocrx_word' id='word_1_290' title='bbox 564 2590 691 2647; x_wconf 92' lang='lat' dir='ltr'>erit;</span> <span class='ocrx_word' id='word_1_291' title='bbox 722 2603 932 2639; x_wconf 88' lang='lat' dir='ltr'>verum</span> <span class='ocrx_word' id='word_1_292' title='bbox 959 2587 1133 2639; x_wconf 90' lang='lat' dir='ltr'>video</span> <span class='ocrx_word' id='word_1_293' title='bbox 1161 2589 1417 2639; x_wconf 81' lang='lat' dir='ltr'>maiores</span> <span class='ocrx_word' id='word_1_294' title='bbox 1446 2586 1834 2647; x_wconf 85' lang='lat' dir='ltr'>difficultates,</span> <span class='ocrx_word' id='word_1_295' title='bbox 1868 2602 2050 2652; x_wconf 92' lang='lat' dir='ltr'>quam</span> <span class='ocrx_word' id='word_1_296' title='bbox 2078 2594 2143 2638; x_wconf 91' lang='lat' dir='ltr'>tu</span> <span class='ocrx_word' id='word_1_297' title='bbox 2170 2586 2392 2638; x_wconf 90' lang='lat' dir='ltr'>fortasse</span> 
     </span>
     <span class='ocr_line' id='line_1_31' title="bbox 190 2658 2393 2724; baseline -0.001 -13"><span class='ocrx_word' id='word_1_298' title='bbox 190 2660 421 2724; x_wconf 88' lang='lat' dir='ltr'>cogites,</span> <span class='ocrx_word' id='word_1_299' title='bbox 449 2658 608 2723; x_wconf 92' lang='lat' dir='ltr'>quod</span> <span class='ocrx_word' id='word_1_300' title='bbox 635 2674 984 2711; x_wconf 92' lang='lat' dir='ltr'>cancrorum</span> <span class='ocrx_word' id='word_1_301' title='bbox 1011 2661 1190 2710; x_wconf 91' lang='lat' dir='ltr'>emtio</span> <span class='ocrx_word' id='word_1_302' title='bbox 1217 2664 1272 2710; x_wconf 92' lang='lat' dir='ltr'>et</span> <span class='ocrx_word' id='word_1_303' title='bbox 1298 2661 1545 2710; x_wconf 92' lang='lat' dir='ltr'>navium</span> <span class='ocrx_word' id='word_1_304' title='bbox 1564 2661 1628 2710; x_wconf 94' lang='lat' dir='ltr'>in</span> <span class='ocrx_word' id='word_1_305' title='bbox 1648 2659 1912 2711; x_wconf 90' lang='lat' dir='ltr'>Daniam</span> <span class='ocrx_word' id='word_1_306' title='bbox 1936 2658 2145 2710; x_wconf 93' lang='lat' dir='ltr'>solutio</span> <span class='ocrx_word' id='word_1_307' title='bbox 2172 2673 2306 2709; x_wconf 90' lang='lat' dir='ltr'>raro</span> <span class='ocrx_word' id='word_1_308' title='bbox 2330 2661 2393 2709; x_wconf 93' lang='lat' dir='ltr'>in</span> 
     </span>
     <span class='ocr_line' id='line_1_32' title="bbox 190 2729 2394 2795; baseline -0 -14"><span class='ocrx_word' id='word_1_309' title='bbox 190 2729 400 2782; x_wconf 91' lang='lat' dir='ltr'>eadem</span> <span class='ocrx_word' id='word_1_310' title='bbox 421 2737 690 2795; x_wconf 90' lang='lat' dir='ltr'>tempora</span> <span class='ocrx_word' id='word_1_311' title='bbox 713 2731 989 2783; x_wconf 91' lang='lat' dir='ltr'>incidant.</span> <span class='ocrx_word' id='word_1_312' title='bbox 1016 2731 1299 2782; x_wconf 89' lang='lat' dir='ltr'>Attamen</span> <span class='ocrx_word' id='word_1_313' title='bbox 1317 2730 1570 2782; x_wconf 86' lang='lat' dir='ltr'>studium</span> <span class='ocrx_word' id='word_1_314' title='bbox 1588 2745 1792 2782; x_wconf 94' lang='lat' dir='ltr'>meum</span> <span class='ocrx_word' id='word_1_315' title='bbox 1813 2745 1949 2781; x_wconf 95' lang='lat' dir='ltr'>cum</span> <span class='ocrx_word' id='word_1_316' title='bbox 1967 2732 2031 2780; x_wconf 95' lang='lat' dir='ltr'>in</span> <span class='ocrx_word' id='word_1_317' title='bbox 2050 2729 2164 2780; x_wconf 91' lang='lat' dir='ltr'>hoc</span> <span class='ocrx_word' id='word_1_318' title='bbox 2183 2735 2310 2780; x_wconf 93' lang='lat' dir='ltr'>tum</span> <span class='ocrx_word' id='word_1_319' title='bbox 2330 2732 2394 2780; x_wconf 94' lang='lat' dir='ltr'>in</span> 
     </span>
    </p>
   </div>
   <div class='ocr_carea' id='block_1_6' title="bbox 189 2799 2393 2938">
    <p class='ocr_par' dir='ltr' id='par_1_8' title="bbox 189 2799 2393 2938">
     <span class='ocr_line' id='line_1_33' title="bbox 190 2799 2393 2867; baseline -0 -15"><span class='ocrx_word' id='word_1_320' title='bbox 190 2800 309 2853; x_wconf 89' lang='lat' dir='ltr'>alio</span> <span class='ocrx_word' id='word_1_321' title='bbox 328 2817 541 2867; x_wconf 88' lang='lat' dir='ltr'>genere</span> <span class='ocrx_word' id='word_1_322' title='bbox 562 2801 888 2866; x_wconf 79' lang='lat' dir='ltr'>cognosces,</span> <span class='ocrx_word' id='word_1_323' title='bbox 909 2802 1071 2853; x_wconf 90' lang='lat' dir='ltr'>Bene</span> <span class='ocrx_word' id='word_1_324' title='bbox 1084 2801 1235 2861; x_wconf 91' lang='lat' dir='ltr'>vale,</span> <span class='ocrx_word' id='word_1_325' title='bbox 1255 2804 1339 2853; x_wconf 87' lang='lat' dir='ltr'>mi</span> <span class='ocrx_word' id='word_1_326' title='bbox 1352 2801 1651 2861; x_wconf 91' lang='lat' dir='ltr'>TYCHO,</span> <span class='ocrx_word' id='word_1_327' title='bbox 1674 2808 1728 2853; x_wconf 91' lang='lat' dir='ltr'>et</span> <span class='ocrx_word' id='word_1_328' title='bbox 1748 2816 1858 2852; x_wconf 92' lang='lat' dir='ltr'>nos</span> <span class='ocrx_word' id='word_1_329' title='bbox 1875 2803 1961 2852; x_wconf 92' lang='lat' dir='ltr'>tui</span> <span class='ocrx_word' id='word_1_330' title='bbox 1974 2799 2393 2852; x_wconf 85' lang='lat' dir='ltr'>studiofissimos</span> 
     </span>
     <span class='ocr_line' id='line_1_34' title="bbox 189 2872 1745 2938; baseline 0 -14"><span class='ocrx_word' id='word_1_331' title='bbox 189 2872 422 2925; x_wconf 90' lang='lat' dir='ltr'>habeto.</span> <span class='ocrx_word' id='word_1_332' title='bbox 444 2872 729 2938; x_wconf 89' lang='lat' dir='ltr'>Rostochij</span> <span class='ocrx_word' id='word_1_333' title='bbox 753 2873 823 2925; x_wconf 88' lang='lat'>28</span> <span class='ocrx_word' id='word_1_334' title='bbox 844 2872 1111 2926; x_wconf 75' lang='lat' dir='ltr'>octobris</span> <span class='ocrx_word' id='word_1_335' title='bbox 1130 2873 1313 2924; x_wconf 90' lang='lat' dir='ltr'>Anno</span> <span class='ocrx_word' id='word_1_336' title='bbox 1334 2873 1581 2925; x_wconf 92' lang='lat' dir='ltr'>Domini</span> <span class='ocrx_word' id='word_1_337' title='bbox 1601 2872 1745 2925; x_wconf 90' lang='lat'>1587.</span> 
     </span>
    </p>
   </div>
   <div class='ocr_carea' id='block_1_7' title="bbox 186 703 632 1116">
    <p class='ocr_par' dir='ltr' id='par_1_9' title="bbox 186 703 632 1116">
     <span class='ocr_line' id='line_1_35' title="bbox 186 703 632 1116; baseline 0 -274"><span class='ocrx_word' id='word_1_338' title='bbox 186 703 632 1116; x_wconf 95' lang='lat' dir='ltr'>     </span> 
     </span>
    </p>
   </div>
   <div class='ocr_carea' id='block_1_8' title="bbox 338 3438 2391 3503">
    <p class='ocr_par' dir='ltr' id='par_1_10' title="bbox 338 3438 2391 3503">
     <span class='ocr_line' id='line_1_36' title="bbox 338 3438 2391 3503; baseline 0.002 -18"><span class='ocrx_word' id='word_1_339' title='bbox 338 3451 402 3485; x_wconf 85' lang='lat'>15·</span> <span class='ocrx_word' id='word_1_340' title='bbox 2282 3438 2391 3503; x_wconf 84' lang='lat' dir='ltr'>[Ex</span> 
     </span>
    </p>
   </div>
  </div>
 </body>
</html>
