2644 4030
141 514 169 558 ÷

146 740 168 775 ⁵

126 1095 168 1130 10

125 1452 166 1487 15

89 1943 201 1987 103v

120 2166 166 2200 25

121 2879 166 2913 35

120 3234 167 3269 40

348 296 654 350 TYCHO
681 297 804 349 AD
832 296 1314 350 HENRICUM
1342 296 1802 350 BRUCAEUM
1828 298 1862 350 4
1889 298 2088 352 NOV.
2117 299 2262 353 1588
2335 299 2415 353 161

217 439 416 492 videre
443 439 590 492 licet.
618 438 806 492 Aliter
831 442 1010 492 etiam
1036 439 1494 493 SCULTETUS
1525 439 1610 504 (ut
1637 455 1668 492 e
1694 440 1981 504 particula
2007 444 2135 493 eius
2162 441 2416 507 epistolae

219 513 444 563 nonita
462 510 689 563 dudum
709 510 785 563 ad
803 526 900 562 me
920 510 1159 576 scriptae,
1187 526 1369 576 quam
1396 514 1573 564 etiam
1598 512 1701 563 tibi
1726 511 1966 564 describi
1992 515 2210 573 curavi,
2237 513 2415 578 patet)

218 582 290 634 de
316 581 429 634 hac
455 597 517 634 re
543 582 777 643 iudicat,
807 583 1048 646 unaque
1075 582 1502 635 MONAVUM
1529 582 1845 647 quendam,
1871 585 2067 635 virum
2093 583 2329 637 doetum
2354 587 2417 636 in

218 652 434 714 Silefia,
454 653 603 705 mihi
620 659 820 705 autem
836 655 1217 718 incognitum,
1239 654 1314 706 ad
1327 653 1383 705 se
1397 653 1655 718 scripfisse
1672 653 1861 715 refert,
1882 660 1947 706 ut
1960 654 2216 707 aliorum
2230 661 2415 707 tomo-

217 739 351 776 rum
371 724 531 788 apud
550 739 647 775 me
668 724 987 776 editionem
1008 740 1214 790 urgere
1235 725 1389 786 velit,
1416 724 1549 777 licet
1571 727 1695 777 una
1718 734 2114 790 conqueratur
2140 726 2211 778 de
2237 725 2417 778 huius

216 795 392 847 seculi
412 795 843 860 ingratitudine,
866 795 1026 860 quod
1046 796 1290 861 dignum
1309 811 1433 848 non
1452 796 1531 858 fit,
1553 803 1616 848 ut
1632 796 1816 849 solida
1828 800 2043 850 veritas
2058 800 2113 849 ei
2126 800 2189 849 in
2202 798 2417 850 talibus

217 869 700 919 communicetur.
727 865 898 919 Nihil
923 869 1083 918 enim
1108 870 1230 919 iam
1255 867 1375 919 fere
1402 874 1524 920 tam
1548 868 1699 919 bene
1725 866 1944 920 diffium
1966 866 2303 933 faciumque
2325 868 2415 929 est,

217 938 377 1002 quod
405 953 529 990 non
559 937 892 990 cavillando
922 938 1288 1003 depravetur.
1320 939 1434 991 Sed
1462 939 1715 1004 agedum
1743 940 2068 1001 videamus,
2099 955 2179 992 an
2206 943 2416 992 merito

216 1008 391 1061 nostri
410 1009 642 1061 labores
661 1009 774 1061 hac
794 1012 856 1061 in
875 1016 1038 1073 parte
1053 1012 1134 1062 ita
1148 1025 1184 1061 a
1197 1016 1252 1061 te
1267 1010 1362 1062 vel
1376 1026 1681 1075 quoquam
1695 1011 1815 1063 alio
1831 1018 2237 1073 extenuentur,
2256 1011 2418 1076 quafi

217 1080 292 1132 ob
306 1078 557 1140 subiecti,
579 1080 651 1133 de
669 1096 789 1145 quo
804 1087 1000 1146 agunt,
1022 1081 1488 1133 evanescentiam
1503 1082 1739 1134 inutiles
1755 1089 1809 1134 et
1822 1098 1947 1134 non
1960 1085 2160 1148 magni
2175 1089 2277 1135 aut
2291 1083 2415 1135 diu-

215 1154 373 1203 turni
392 1155 679 1204 momenti
700 1152 957 1204 existant.
983 1151 1240 1215 Quaestio
1261 1152 1390 1204 haec
1410 1153 1482 1205 de
1504 1152 1890 1205 Cometarum
1910 1154 2032 1214 fitu,
2054 1154 2417 1206 aethereusne

215 1222 279 1275 fit
298 1239 378 1275 an
399 1223 788 1283 elementariS,
817 1230 871 1275 et
898 1224 1200 1288 quomodo
1221 1230 1588 1288 generentur,
1614 1240 1738 1276 non
1765 1224 1839 1276 est
1860 1241 2019 1277 nova
2038 1241 2232 1290 neque
2252 1226 2415 1285 leviS,

215 1293 311 1346 sed
330 1294 530 1346 multis
550 1294 625 1347 ab
645 1293 784 1347 hinc
803 1294 1009 1347 seculis
1029 1295 1102 1347 ab
1124 1296 1524 1359 antiquissimis
1538 1294 1905 1360 Philosophis
1921 1296 2093 1361 longe
2110 1304 2244 1348 ante
2259 1297 2416 1348 ARI-

217 1365 638 1418 STOTELEM
660 1366 940 1431 (quorum
961 1369 1138 1418 etiam
1158 1366 1423 1430 plerique
1444 1364 1656 1418 reciius
1677 1382 1859 1431 quam
1879 1367 1977 1418 ille
1998 1367 2110 1419 hac
2132 1368 2203 1420 de
2218 1383 2280 1419 re
2294 1367 2415 1420 sen-

214 1436 432 1501 serunt)
454 1437 556 1489 diu
574 1437 947 1502 multumque
966 1452 1184 1501 magno
1205 1443 1422 1489 conatu
1442 1443 1498 1489 et
1516 1437 1877 1489 subtilissimis
1898 1441 2416 1503 argumentationi-

214 1507 325 1560 bus
351 1511 582 1574 agitata,
609 1515 673 1560 ut
693 1508 790 1561 vel
813 1523 844 1560 e
869 1507 1203 1560 SENECAE
1229 1508 1395 1570 libro,
1423 1524 1600 1573 quem
1622 1509 1693 1560 de
1715 1509 1978 1561 Cometis
2005 1506 2256 1574 reliqui't,
2283 1509 2416 1562 satis

215 1586 474 1645 apparet.
502 1580 715 1644 Neque
734 1586 936 1632 tamen
955 1579 1138 1644 usque
1158 1580 1234 1632 ad
1254 1579 1384 1632 haec
1403 1587 1671 1644 tempora
1693 1583 1928 1645 penitus
1948 1580 2304 1645 disquisitum
2326 1581 2415 1641 est,

216 1651 502 1716 quidnam
514 1650 622 1703 fint
636 1651 920 1711 Cometae,
937 1657 992 1703 et
1005 1651 1106 1703 ubi
1119 1658 1515 1715 procreentur,
1536 1667 1607 1703 eo
1623 1651 1782 1716 quod
1796 1658 2021 1704 veteres
2036 1659 2090 1704 et
2104 1652 2415 1704 moderno-

214 1738 349 1774 rum
375 1725 553 1775 etiam
577 1722 818 1787 plurimi
842 1738 967 1774 non
987 1738 1019 1774 e
1040 1725 1209 1774 certis
1229 1722 1731 1775 observationibus
1756 1738 1860 1788 per
1880 1723 2162 1788 apodixes
2184 1723 2416 1776 Mathe-

215 1796 460 1846 maticas
485 1794 712 1846 nodum
738 1793 898 1847 hunc
923 1793 1057 1859 plus
1078 1809 1259 1858 quam
1281 1793 1577 1846 Gordium
1603 1794 1888 1847 resolvere
1916 1795 2146 1860 aggressi
2172 1795 2294 1856 fint,
2321 1795 2416 1847 sed

214 1864 416 1918 saltem
437 1868 677 1932 argutijs
697 1865 1044 1930 quibusdam
1065 1872 1120 1917 et
1141 1865 1582 1930 opinationibus
1609 1872 1785 1930 atque
1810 1866 2076 1931 logisticis
2098 1865 2415 1918 subtilitati—

214 1936 324 1989 bus
338 1952 465 1989 rem
479 1951 720 1989 omnem
734 1936 1034 1989 absolvere
1047 1937 1553 2002 praesumpserunt,
1574 1938 1918 1989 assumentes
1938 1932 2288 2005 plae-nraque
2309 1953 2416 2002 pro

216 2009 499 2068 concessiS,
527 2024 663 2073 quae
682 2011 845 2073 prius
866 2008 1220 2073 inquirenda
1240 2008 1809 2072 demonstrandaque
1831 2015 2012 2069 erant,
2037 2024 2116 2061 an
2135 2011 2216 2060 ita
2235 2008 2291 2060 se
2311 2009 2414 2061 ha-

214 2080 418 2132 berent
436 2094 545 2132 nec
564 2095 657 2132 ne.
680 2079 900 2132 Idcirco
922 2095 1119 2144 operae
1137 2082 1401 2144 precium
1418 2080 1576 2141 duxi,
1598 2095 1630 2131 e
1651 2082 1791 2131 ratis
1806 2079 2306 2132 observationibus
2319 2095 2414 2131 ve-

215 2153 446 2202 ritatem
466 2148 733 2203 exac‘tam
753 2150 865 2203 hac
885 2154 949 2202 in
968 2158 1132 2215 parte
1153 2154 1466 2215 inquirere,
1490 2151 1981 2215 Geometriceque
2003 2150 2414 2211 demonstrare,

215 2237 290 2274 ne
300 2222 820 2287 Peripateticorum
832 2229 886 2274 et
897 2222 1154 2274 aliorum
1165 2224 1410 2286 argutiae
1421 2225 1666 2283 veritati,
1681 2228 1745 2274 ut
1755 2228 1837 2274 tot
1849 2224 1969 2274 iam
1980 2221 2185 2274 seculis
2197 2220 2415 2274 factum

216 2292 306 2354 est,
328 2293 582 2357 amplius
602 2293 804 2346 fucum
823 2293 1097 2345 facerent.
1119 2293 1184 2345 Id
1204 2300 1404 2345 autem
1422 2297 1454 2344 e'
1470 2293 1873 2358 parallaxibus
1888 2294 2274 2346 Cometarum
2288 2309 2414 2358 per-

214 2364 614 2430 vestigandum
639 2380 818 2416 nemo
845 2363 1285 2416 Mathematum
1310 2380 1527 2429 gnarus
1553 2367 1804 2429 ignorat;
1835 2371 1894 2417 at
1920 2379 2056 2416 cum
2081 2364 2415 2429 parallaxes

214 2435 333 2488 illae
362 2435 553 2488 subtili
583 2436 955 2500 inquisitione
987 2435 1302 2501 indigeant,
1335 2436 1486 2487 adeo
1516 2443 1580 2487 ut
1607 2435 1778 2487 facile
1809 2451 1971 2487 error
2002 2435 2217 2500 aliquis
2245 2439 2414 2488 tacite

214 2506 500 2572 subrepat,
527 2506 632 2558 nifi
653 2509 856 2559 omnia
875 2506 1199 2559 admodum
1219 2505 1625 2571 circumspecte
1647 2506 2132 2568 administrentur,
2160 2510 2281 2559 imo
2308 2510 2413 2558 im-

215 2577 469 2642 possibile
484 2580 662 2630 etiam
676 2578 755 2638 fit,
775 2578 1108 2643 parallaxes
1123 2584 1307 2630 certas
1323 2578 1651 2639 enucleare,
1673 2578 1778 2629 nifi
1792 2581 1970 2630 etiam
1983 2585 2180 2630 motus
2193 2581 2410 2643 proprij

217 2649 483 2702 Cometae
498 2649 847 2702 adhibeatur
861 2649 1101 2714 praecisa
1113 2651 1286 2701 ratio:
1308 2651 1622 2714 requiritur
1636 2652 1839 2713 utique
1856 2650 2183 2710 necessariO,
2204 2656 2268 2701 ut
2289 2665 2413 2701 cur-

214 2720 307 2772 sus
326 2723 452 2772 eius
470 2736 763 2786 apparens
779 2735 960 2785 quam
975 2720 1406 2785 diligentissime‚
1429 2723 1658 2784 quoties
1674 2736 1778 2784 per
1791 2720 2157 2772 serenitatem
2172 2720 2300 2772 fieri
2313 2736 2413 2785 po-

214 2791 329 2853 test,
351 2792 581 2844 coelitus
595 2792 919 2853 denotetur,
942 2793 1101 2856 quod
1114 2792 1251 2843 sane
1265 2807 1389 2843 non
1404 2791 1666 2851 efficitur,
1687 2791 1793 2843 nisi
1806 2794 2153 2856 inquiratur,
2176 2791 2414 2856 qualem

215 2863 431 2916 habeat
444 2863 520 2916 ad
534 2863 893 2928 Eclipticam‚
912 2860 1169 2928 respectu
1182 2862 1563 2927 longitudinis
1578 2870 1632 2915 et
1646 2863 1986 2923 latitudiniS,
2002 2870 2178 2927 atque
2192 2863 2413 2927 AEqua-

214 2942 419 2995 torem,
459 2935 657 2999 quoad
693 2934 1088 2987 ascensionem
1120 2932 1338 2986 rec'tam
1370 2940 1425 2985 et
1457 2934 1927 2994 declinationem,
1967 2933 2412 2998 dispositionem,

215 3005 471 3070 hincque
485 3007 609 3058 una
622 3005 851 3066 constet,
873 3006 1112 3071 qualem
1128 3007 1304 3057 etiam
1321 3003 1560 3058 ductum
1579 3008 1885 3070 proprium
1906 3005 2172 3070 designet,
2195 3012 2250 3057 et
2270 3020 2412 3069 quo-

214 3077 395 3128 modo
405 3079 468 3129 in
480 3078 690 3129 eodem
703 3084 1029 3138 moveatur,
1046 3077 1327 3141 qualique
1342 3079 1569 3128 ratione
1583 3077 1772 3128 indies
1787 3076 2018 3128 cursum
2030 3077 2201 3128 suum
2211 3079 2412 3128 variet.

216 3146 354 3199 Sine
365 3147 458 3199 his
470 3151 629 3199 enim
640 3148 854 3213 aliquis
864 3148 1069 3201 frustra
1079 3147 1411 3213 parallaxin
1422 3147 1766 3212 perscrutari
1776 3149 2024 3200 tentArit.
2038 3148 2242 3200 Motus
2255 3150 2414 3199 enim

215 3221 488 3283 proprius
507 3219 639 3283 plus
659 3218 838 3271 afficit
858 3219 1125 3272 Cometae
1145 3221 1520 3284 apparentias
1541 3234 1723 3283 quam
1743 3234 1816 3271 ea
1835 3218 2147 3279 diverfitaS‚
2169 3234 2303 3283 quae
2325 3235 2413 3271 ra-

215 3292 374 3341 tione
395 3290 805 3354 parallaxium,
827 3290 868 3342 fi
886 3290 1034 3343 forte
1055 3306 1236 3355 quam
1257 3289 1587 3351 habuerint,
1610 3292 1904 3355 contingit.
1926 3290 2073 3342 Sunt
2092 3293 2265 3355 igitur
2284 3290 2413 3341 haec

217 3361 335 3413 duo
352 3360 588 3413 solerter
605 3361 983 3414 discernenda
997 3362 1418 3427 diligenterque
1432 3364 1583 3414 inter
1595 3361 1651 3413 se
1666 3360 2038 3414 conferenda.
2061 3361 2221 3413 Hinc
2237 3363 2414 3413 etiam

357 3443 398 3477 21
2326 3447 2413 3491 ea,
