2644 4030
165 296 433 349 THAD.
462 294 915 350 HAGECIUS
941 296 1063 348 AD
1090 294 1799 362 TYCHONEM19J29
1826 297 2025 350 AUG.
2055 298 2187 350 1591
2260 298 2363 350 305

164 443 396 493 tionum
414 437 633 492 victum
660 439 763 491 esse
788 438 956 491 fateri
980 439 1194 491 necesse
1218 438 1296 499 fit,
1325 438 1430 490 nifi
1449 438 1768 491 manifestae
1789 443 2017 492 veritati
2037 456 2364 505 repugnare

165 511 359 564 velim.
382 510 669 576 Exempla
688 510 914 575 aliquot
932 517 1051 562 tuae
1073 509 1286 575 effigiei
1305 513 1520 575 accepi,
1543 526 1678 575 quae
1692 514 1842 563 inter
1856 514 2079 563 amicos
2093 512 2364 564 distribui.

166 582 241 634 D.
263 581 606 635 CURTIUS
631 581 821 634 noster
847 596 1086 646 quoque
1109 596 1295 633 unam
1319 584 1555 646 accepit,
1582 582 1849 646 mifitque
1870 586 1930 635 in
1953 583 2270 635 Bavariam
2290 583 2365 635 ad

166 653 466 718 quendam
484 653 587 705 fibi
605 653 756 705 bene
776 659 986 705 notum
1007 658 1062 704 et
1082 652 1372 705 celebrem
1391 653 1650 715 Poetam,
1676 656 1778 718 qui
1798 661 2003 719 arguto
2024 654 2227 719 aliquo
2248 657 2365 718 epi-

95 741 118 775 ⁵
165 730 489 790 grammate
516 739 650 776 eam
677 730 928 776 ornaret.
957 723 1070 776 Sed
1096 724 1366 776 nondum
1391 727 1614 789 accepit
1638 725 1990 790 responsum.
2019 726 2138 777 Hic
2164 726 2366 791 Pragae

165 795 280 848 hoc
292 803 556 861 tempore
571 795 803 847 nullum
819 795 1103 847 eiusmodi
1117 795 1374 855 Poetam,
1397 796 1557 860 quod
1570 796 1762 857 sciam,
1784 796 2089 856 habemus,
2112 800 2214 861 qui
2231 812 2366 848 meo

166 867 447 920 desiderio
466 866 803 927 satisfacere,
825 873 880 919 et
900 867 1202 932 quomodo
1222 866 1406 932 pictor
1419 867 1631 919 faciem
1647 875 1701 919 et
1714 868 2076 920 lineamenta
2090 871 2366 932 corporiS,

165 938 238 991 fic
248 938 347 990 ille
358 945 619 990 mentem
630 945 685 990 et
694 941 818 990 vim
830 940 956 990 eius
968 938 1281 1003 depingere
1292 939 1480 1003 posset.
1496 939 1907 992 NICOLAUS
1923 939 2366 1000 RAYMARUS,

166 1025 344 1075 quem
363 1017 428 1062 tu
446 1009 621 1075 plagij
645 1009 1040 1070 accusaveraS‚
1063 1016 1199 1062 ante
1219 1009 1572 1075 septimanas
1587 1010 1813 1075 aliquot
1826 1010 1943 1062 huc
1956 1014 2116 1062 venit
2131 1018 2185 1062 et
2200 1014 2367 1062 inno-

76 1097 118 1132 ιο
166 1084 274 1134 tuit
288 1081 362 1134 D.
377 1080 693 1142 CURTIO‚
715 1084 817 1146 qui
837 1081 1007 1133 illum
1022 1081 1243 1134 Caesari
1259 1084 1341 1134 ita
1355 1082 1805 1141 commendavit,
1828 1089 1891 1133 ut
1910 1090 2017 1146 pr'o
2033 1082 2367 1134 Mathema-

165 1156 297 1214 tico,
317 1155 482 1205 tenui
501 1152 650 1213 satiS‚
671 1155 735 1204 in
754 1152 847 1204 his
867 1155 1063 1218 initijS,
1084 1152 1427 1217 stipendiolo
1441 1153 1505 1205 fit
1518 1159 1800 1217 receptus
1823 1153 2023 1204 Hodie
2037 1153 2175 1204 hinc
2190 1154 2367 1205 Fran-

166 1223 478 1276 cofurdum
495 1239 603 1290 pro
624 1223 976 1276 advehenda
994 1223 1098 1276 sua
1113 1223 1490 1289 suppellectili
1504 1224 1754 1284 discedit,
1774 1240 1916 1276 mox
1930 1224 2046 1276 huc
2060 1225 2368 1276 redituruS.

165 1295 350 1348 Aliud
370 1296 530 1360 quod
549 1295 794 1348 scribam
814 1311 974 1348 nunc
993 1311 1102 1347 nec
1122 1294 1333 1356 habe0,
1354 1311 1463 1348 nec
1483 1302 1667 1347 vacat.
1691 1296 1754 1347 B.
1768 1295 1836 1347 V.
1859 1295 2033 1347 Datae
2054 1296 2254 1361 Pragae
2276 1296 2369 1348 die

76 1419 117 1453 ¹5
166 1367 236 1419 29
255 1366 499 1433 Augusti
518 1382 678 1419 novo
697 1366 838 1433 stylo
859 1367 1040 1419 Anno
1061 1367 1194 1420 1591.
1861 1402 1912 1453 T
1947 1402 2211 1455 studiofiss

1940 1473 2156 1526 THAD.

36 1589 89 1633 31
103 1598 160 1632 ar
989 1579 1184 1634 POST
1210 1579 1546 1634 SCRIPTA.

323 1664 447 1716 ERI
472 1666 634 1716 venit
661 1663 738 1716 ad
766 1679 862 1716 me
893 1664 1137 1728 quidam
1166 1664 1391 1726 artifex,
1423 1667 1549 1716 eius
1578 1679 1802 1716 nomen
1830 1666 2054 1730 ignom,
2081 1666 2171 1716 vir
2200 1671 2372 1716 aetate

339 1735 653 1801 grandeva,
675 1742 730 1788 et
749 1738 1010 1788 narravit
1022 1735 1078 1788 se
1092 1737 1285 1788 vixisse
1300 1736 1650 1800 aliquandiu
1663 1742 1874 1797 tecum,
1895 1736 2166 1801 saepeque
2186 1736 2374 1788 multa

73 1823 119 1858 20
168 1807 240 1859 de
260 1822 357 1859 me
377 1808 672 1859 audivisse:
704 1822 839 1859 cum
865 1809 1038 1872 igitur
1063 1808 1295 1859 venisset
1321 1811 1384 1859 in
1410 1807 1566 1859 hanc
1592 1807 1816 1868 urbem,
1843 1807 2134 1860 salutandi
2155 1814 2209 1859 et
2229 1807 2371 1860 allo-

168 1878 389 1943 quendi
417 1881 604 1944 gratia
631 1894 727 1931 me
757 1879 1040 1931 accessisse.
1071 1879 1233 1931 Mira
1259 1880 1536 1943 quaedam
1563 1886 1618 1931 et
1645 1879 2024 1931 Geometrica
2052 1878 2372 1944 profitetur,

167 1950 518 2015 potissimum
544 1966 783 2002 currum
809 1950 1109 2014 quendam
1135 1950 1561 2011 admirabilem,
1589 1953 1757 2002 cuius
1780 1957 1924 2002 rotae
1947 1950 2182 2002 emensa
2201 1950 2373 2002 milli-

168 2023 295 2074 aria
314 2021 505 2073 sonitu
525 2022 787 2086 quodam
806 2022 1080 2082 indicent,
1102 2028 1157 2073 et
1177 2021 1370 2073 nescio
1392 2037 1527 2086 quae
1548 2021 1688 2082 alia;
1710 2038 1852 2074 nam
1871 2022 2105 2086 plenius
2121 2038 2255 2074 cum
2270 2021 2373 2073 illo

168 2092 427 2158 colloqui
446 2108 571 2145 non
591 2093 754 2144 licuit
774 2099 829 2145 et
849 2093 1105 2145 aliorum
1125 2095 1457 2145 interventu
1471 2093 1788 2158 abruptum
1802 2093 1911 2145 fuit
1924 2093 2183 2145 nostrum
2197 2093 2373 2145 collo-

73 2181 119 2215 25
169 2166 393 2228 quium.
415 2163 665 2217 Electori
679 2164 974 2225 Saxoniae‚
996 2165 1250 2228 Principi
1265 2165 1635 2217 Pomeraniae
1651 2171 1706 2216 et
1720 2164 2068 2229 quibusdam
2082 2164 2213 2230 alijs
2229 2164 2372 2216 eius-

168 2235 331 2358 mflodi
351 2251 590 2359 currlilim
608 2235 664 2288 se
685 2235 981 2288 confecisse
1003 2235 1212 2288 aiebat.
1235 2236 1503 2288 Intellexi
1524 2236 1744 2289 Caesari
1765 2251 2003 2301 quoque
2023 2236 2126 2288 sua
2145 2235 2375 2288 servitia

171 2322 208 2358 o
256 2322 383 2359 erre
402 2323 475 2360 ve
522 2323 570 2359 e.

92 2525 121 2568 ιχ-
172 2517 246 2563 [Ex
273 2529 353 2564 apo
356 2519 516 2565 grapho
542 2519 603 2556 Ge
605 2518 668 2555 1111
694 2519 770 2556 Sas
797 2519 924 2556 eridis
951 2519 995 2556 in
1021 2519 1111 2566 eisp
1092 2520 1201 2556 satul
1222 2520 1326 2577 <1:14
1347 2531 1400 2556 m.
1423 2520 1543 2556 Mart.
1565 2531 1599 2557 a.
1625 2519 1714 2556 1592
1741 2520 1795 2556 ad
1823 2521 1879 2556 Io.
1900 2521 1992 2556 Ant.
2016 2519 2238 2566 Maginum
2266 2520 2373 2561 data,

266 2566 310 2602 in
330 2567 450 2604 coicd
452 2568 585 2603 ean
588 2567 660 2604 oin
662 2578 738 2604 esn
775 2567 820 2603 in
839 2571 895 2603 Ar
898 2568 995 2604 civh
996 2569 1114 2604 oMa
1116 2570 1216 2604 Ivez
1243 2569 1329 2604 ied
1330 2569 1522 2604 iMedici
1541 2567 1768 2613 asservata]

76 2699 122 2733 30
472 2667 870 2741 TYCHO
916 2668 1298 2741 BRAHE
1338 2669 1500 2741 AD
1545 2669 2070 2742 GELLIUM

979 2851 982 2854 ὴ
1014 2771 1536 2825 SASCERIDEM.
1596 2822 1600 2825 ,

76 2875 122 2917 1r
245 2906 256 2917 .
274 2907 285 2917 .
304 2907 315 2917 .
334 2907 344 2918 .
361 2865 496 2918 Dici
515 2881 639 2918 non
658 2866 838 2931 potest
858 2883 1040 2932 quam
1059 2867 1208 2919 mihi
1227 2874 1458 2933 gratum
1474 2867 1663 2927 fuerit,
1686 2868 1846 2932 quod
1860 2866 2248 2919 intellexerim
2263 2867 2373 2918 Ex-

172 2937 629 2989 cellentissimum
644 2944 699 2990 et
712 2938 1231 3003 praestantissimum
1245 2939 1659 2992 MAGINUM
1674 2939 1983 2991 Patavium
1993 2939 2219 2998 venisse‚
2235 2938 2374 2990 illic-

173 3024 288 3072 que
317 3008 581 3061 aestivum
609 3009 870 3061 semestre
900 3009 1241 3062 consumere
1269 3011 1587 3071 decrevisse,
1619 3011 1896 3074 quodque
1923 3009 2376 3062 Instrumentum

78 3097 124 3131 35
172 3079 319 3131 illud
346 3079 636 3132 Sextantis
662 3080 1069 3142 Astronomici,
1101 3082 1172 3133 de
1199 3098 1319 3146 quo
1346 3083 1422 3134 ad
1448 3088 1503 3134 te
1530 3081 1733 3146 scripsi,
1763 3097 1867 3146 per
1892 3096 1999 3132 vos
2026 3081 2373 3133 elaboretur.

174 3150 358 3215 Spero
379 3153 538 3202 enim
557 3166 666 3213 vos
684 3151 911 3216 aliquot
931 3152 1246 3204 Stellarum
1264 3153 1715 3206 Observationes
1735 3152 1847 3204 hac
1868 3152 2059 3204 aestate
2079 3152 2182 3204 illo
2202 3155 2375 3204 inter-

172 3221 470 3274 mediante
490 3222 608 3274 illic
628 3223 984 3276 obtenturos.
1006 3224 1106 3275 An
1126 3225 1434 3290 Organum
1454 3227 1618 3276 omni
1640 3239 1712 3276 ex
1731 3230 1895 3289 parte
1916 3226 2022 3275 rite
2044 3223 2272 3284 constet,
2294 3224 2375 3275 di-

173 3293 395 3345 stantiae
431 3300 487 3345 et
521 3293 943 3346 declinationes
976 3295 1271 3348 stellarum
1304 3295 1636 3348 transmissae
1670 3295 2038 3359 patefacient.
2079 3295 2377 3360 Cuperem

175 3363 530 3416 Altitudines
556 3365 924 3418 Meridianas
951 3366 1118 3427 Solis,
1146 3373 1272 3419 tum
1300 3370 1477 3419 etiam
1504 3366 1840 3418 Affixarum
1868 3366 2197 3426 Stellarum,
2228 3382 2375 3431 prae-

317 3446 364 3482 39
2184 3438 2376 3489 sertim
