2664 4030
282 324 352 377 56
817 320 1253 374 EPISTOLAE
1279 320 1949 374 ASTRONOMICAE

282 480 405 530 prae
431 467 677 530 negotijs
703 464 966 530 publiciS‚
998 464 1210 529 quibus
1237 469 1572 528 occupatur,
1603 479 1727 515 non
1755 461 2171 523 detrectaverit,
2200 463 2398 515 fecerit
2427 469 2481 515 et

283 539 332 588 is
350 536 499 588 mihi
518 551 645 587 rem
664 543 904 601 gratam.
927 535 1133 599 Scripsi
1147 535 1233 587 M.
1248 534 1623 595 ANDREAE,
1646 550 1824 599 quem
1843 541 1986 600 puto
2006 549 2130 586 una
2147 540 2480 594 venturum,

281 607 595 672 secumque
615 607 701 659 M.
724 606 1263 659 LAURENTIUM
1288 605 1547 657 nostrum
1567 604 1973 659 adducturum.
1995 605 2194 657 Tuum
2213 620 2355 657 vero
2377 607 2482 656 erit

283 678 662 743 quoscunque
676 678 840 730 voles
854 679 977 729 una
990 677 1470 730 adducere.Vale.
1487 677 1662 729 Datae
1677 677 1917 729 Huenae
1931 678 1981 730 5.
1997 676 2126 742 Iulij
2141 677 2322 728 Anno
2337 676 2481 728 1579.

1828 782 2339 907 TYcHorbRAHE.

286 1030 359 1076 [Ex
380 1031 622 1077 apographo
642 1030 686 1066 in
707 1030 851 1067 codice
871 1030 1040 1067 Archivi
1061 1030 1191 1076 Regni
1213 1029 1381 1066 Daniae:
1401 1030 1523 1066 Arch.
1543 1029 1644 1075 priv.
1665 1030 1791 1075 Tych.
1813 1029 1952 1075 Brah.]

282 1118 680 1192 TYCHO
731 1118 1112 1191 BRAHE
1151 1118 1312 1190 AD
1353 1118 1927 1190 ANDREAM
1969 1117 2482 1191 SEVERINI

1171 1221 1598 1345 VELLSlEIUM.

514 1384 546 1428 -s'
714 1388 954 1441 ODEM
967 1387 1190 1452 vesperi
1205 1404 1324 1453 quo
1339 1387 1601 1440 reversus
1614 1387 1742 1439 sum
1756 1387 2018 1450 domum,
2032 1386 2221 1453 scripfi
2233 1387 2320 1440 M.
2333 1387 2484 1439 MA-

460 1465 462 1467 ’
492 1460 514 1529 ’ᾖ
544 1459 592 1532 ””
617 1466 622 1473 “
714 1459 1095 1520 CHABAEO‚
1124 1459 1421 1511 clarissime
1448 1459 1709 1511 Domine
1737 1459 2011 1525 Magister
2031 1458 2386 1521 ANDREA,
2413 1458 2485 1511 de

486 1529 491 1548 '³
525 1534 590 1593 ²42-
616 1540 641 1563 *
714 1533 897 1596 equis,
920 1537 974 1583 et
994 1537 1126 1583 tuas
1146 1532 1270 1583 una
1289 1530 1373 1582 illi
1392 1530 1519 1582 mifi
1532 1530 1746 1592 literas,
1768 1537 1824 1583 et
1838 1530 2003 1583 effeci
2017 1537 2081 1583 ut
2095 1530 2304 1583 eadem
2316 1528 2486 1583 noc'te

424 1611 427 1657 ἵ
563 1631 580 1652 x
680 1635 682 1637 -
713 1602 898 1654 literae
926 1601 1455 1662 transveherentur,
1488 1608 1552 1654 ut
1582 1601 1811 1654 summo
1843 1618 2022 1655 mane
2050 1601 2342 1667 sequentis
2370 1601 2487 1654 diei

491 1671 497 1690 ‘
674 1687 676 1690 ’
714 1674 988 1726 Lundam
1012 1676 1296 1725 venirent.
1328 1673 1449 1739 Ego
1478 1676 1704 1726 interea
1731 1673 1882 1725 nihil
1910 1673 1985 1726 ab
2015 1689 2086 1726 eo
2115 1672 2368 1739 responfi
2393 1688 2485 1725 ac-

337 1777 339 1779 -
557 1744 560 1747 ‘
649 1742 683 1774 ὁ
715 1748 858 1809 cepi,
879 1744 920 1796 fi
939 1751 1004 1796 tu
1024 1745 1264 1809 aliquid,
1291 1744 1500 1797 nescio,
1529 1745 1730 1809 Equos
1749 1744 1790 1796 fi
1810 1745 1884 1797 ab
1905 1744 2026 1810 ipso
2046 1760 2171 1797 non
2194 1746 2488 1809 acceperis

284 1815 418 1868 vide
439 1821 503 1867 ut
523 1814 790 1868 Haffniae
811 1816 1050 1875 habeaS,
1073 1831 1180 1880 ego
1199 1815 1357 1868 stabo
1378 1817 1674 1881 promissiS.
1697 1816 1872 1868 Mitto
1892 1816 1995 1868 tibi
2014 1832 2174 1868 nunc
2193 1815 2391 1868 literas
2411 1815 2488 1868 ad

284 1887 527 1939 Amicos
556 1889 620 1937 in
650 1887 994 1946 Germania,
1029 1887 1437 1952 Norimbergae
1467 1887 1542 1939 ad
1572 1887 2140 1948 CAMERARIUM,
2174 1890 2270 1940 cui
2300 1902 2405 1952 per
2431 1893 2487 1939 te

285 1958 634 2020 HOMELIJ
662 1957 1049 2012 Gnomonica
1069 1961 1318 2010 remitto,
1346 1958 1552 2023 Scripfi
1571 1958 1656 2009 illi
1676 1965 1739 2010 ut
1760 1974 1968 2011 earum
1988 1958 2489 2011 Bibliothecarum

286 2045 421 2094 quae
436 2032 510 2080 ‘in
535 2029 794 2093 ipsorum
819 2029 963 2081 urbe
989 2029 1133 2089 sunt,
1162 2029 1534 2094 aliarumque
1554 2029 2032 2082 memorabilium
2052 2045 2252 2082 rerum
2270 2029 2373 2082 tibi
2394 2045 2487 2082 co-

284 2103 446 2165 piam
477 2100 707 2153 faceret.
744 2100 1020 2166 Augustae
1047 2100 1123 2152 ad
1151 2100 1471 2153 Consulem
1505 2100 1850 2154 PAULUM
1880 2101 2401 2154 HAINZELIUM
2434 2107 2489 2153 et

286 2172 831 2224 HIERONIMUM
857 2171 1269 2232 WOLFIUM,
1301 2174 1395 2224 cui
1423 2175 1600 2224 etiam
1626 2178 1758 2224 tuos
1785 2178 2033 2225 conatus
2059 2172 2487 2234 commendavi,

285 2250 349 2295 ut
364 2258 465 2295 eos
479 2259 586 2308 pro
600 2243 755 2295 virili
768 2246 1055 2295 iuvarent.
1078 2242 1283 2307 Scripfi
1298 2246 1476 2295 etiam
1492 2243 1775 2308 quasdam
1788 2243 1985 2296 literas
1999 2246 2062 2296 in
2076 2244 2233 2296 aedes
2250 2243 2488 2309 hospitis

285 2317 403 2366 mei
429 2313 862 2376 LAURENTIJ
884 2314 1053 2366 DEN
1076 2321 1130 2366 et
1149 2321 1301 2379 pet0,
1329 2321 1393 2366 ut
1413 2314 1454 2366 fi
1475 2330 1594 2379 qua
1613 2317 1841 2367 ratione
1864 2314 1993 2367 fieri
2015 2317 2240 2379 poterit,
2269 2314 2489 2367 efficias

286 2392 350 2437 ut
363 2385 628 2438 Globum
641 2401 844 2437 meum
857 2401 1158 2450 magnum,
1172 2401 1351 2449 quem
1364 2385 1481 2450 ipse
1497 2386 1812 2446 conservat,
1829 2392 1965 2438 ante
1978 2386 2255 2453 hyemem
2269 2385 2488 2438 habere

286 2457 507 2521 possim;
534 2459 751 2521 poteris
771 2456 811 2508 fi
832 2472 981 2521 quos
1001 2456 1277 2521 Augustae
1299 2460 1510 2509 emeris
1529 2457 1725 2518 libros,
1750 2460 1804 2509 ei
1826 2457 2126 2510 includere
2148 2463 2202 2510 et
2221 2457 2371 2510 bene
2393 2473 2488 2510 ex-

286 2530 466 2580 terius
488 2527 844 2592 interiusque
865 2526 1235 2592 compactum
1255 2543 1390 2579 meo
1410 2528 1643 2593 sumptu
1665 2527 1782 2580 huc
1801 2528 2095 2581 transferri
2116 2544 2338 2581 curare.
2366 2528 2488 2581 No-

287 2598 593 2665 rimbergae
611 2602 790 2651 etiam
810 2598 992 2659 effice,
1013 2605 1078 2651 ut
1098 2605 1253 2650 certo
1274 2605 1411 2651 ante
1430 2599 1708 2664 hyemem
1729 2615 1800 2652 ea
1821 2615 1956 2664 quae
1977 2600 2053 2653 ad
2072 2598 2490 2665 aquaeduclum

286 2686 489 2722 meum
520 2673 915 2735 requiruntur,
946 2686 983 2722 a
1014 2669 1378 2723 GEORGIO
1409 2671 1974 2724 LAUBENWOLF
2001 2670 2259 2733 Artifice‚
2293 2673 2388 2723 cui
2417 2686 2489 2723 eo

286 2744 530 2794 nomine
556 2744 720 2806 prius
743 2749 922 2806 perte
942 2741 1145 2806 scripfi,
1174 2740 1489 2803 obtineam,
1518 2748 1573 2794 et
1591 2742 1724 2794 vide
1749 2742 1890 2806 quid
1910 2745 1973 2794 in
1993 2741 2282 2795 Machina
2308 2757 2490 2807 quam

287 2828 395 2877 pro
421 2813 573 2879 Rege
599 2820 783 2878 parat,
813 2819 1088 2878 paratum
1113 2812 1192 2873 fit,
1223 2819 1278 2864 et
1303 2828 1444 2878 urge
1471 2828 1621 2877 opus
1646 2820 1934 2878 tanquam
1961 2813 2020 2865 id
2045 2816 2109 2865 in
2133 2813 2427 2866 mandatis
2453 2829 2491 2866 a

289 2884 441 2949 Rege
469 2891 524 2936 et
548 2900 644 2936 me
670 2884 935 2936 haberes,
962 2883 1239 2949 Augustae
1259 2884 1482 2936 videbis
1503 2891 1558 2936 et
1578 2887 1825 2936 civitatis
1845 2891 1900 2936 et
1921 2887 2138 2936 civium
2156 2883 2489 2937 instructissi-

287 2970 417 3007 mas
438 2954 848 3017 Bibliothecas,
869 2957 1136 3019 inprimis
1153 2970 1295 3006 vero
1313 2955 1719 3021 Fuggeranam
1739 2951 1760 3023 ΙΙ
1780 2955 1957 3020 idque
1977 2971 2082 3020 per
2093 2955 2488 3008 WOLFIUM
2569 2972 2590 2990 v

289 3025 566 3091 consequi
590 3029 823 3090 poteris.
853 3027 1010 3079 Cum
1037 3026 1283 3090 Hospite
1309 3041 1444 3078 meo
1471 3026 1935 3079 LAURENTIO
1962 3027 2205 3091 loquere
2228 3042 2308 3078 an
2331 3028 2489 3091 quic-

291 3112 473 3162 quam
487 3097 558 3149 de
573 3097 771 3149 Fratre
785 3113 921 3149 meo
935 3097 1275 3150 CANUTO
1291 3097 1659 3158 intellexerit,
1675 3104 1730 3150 et
1743 3103 1941 3149 utrum
1954 3097 2092 3149 sciat
2104 3097 2293 3162 ipsum
2300 3097 2489 3150 Vene-

289 3170 400 3220 tias
421 3168 590 3229 ivisse‚
619 3174 674 3220 et
700 3184 779 3220 an
799 3168 994 3220 adhuc
1014 3167 1094 3220 ibi
1115 3174 1526 3230 commoretur,
1555 3175 1609 3220 et
1628 3168 1669 3220 fi
1688 3171 1737 3220 is
1757 3169 1860 3221 tibi
1879 3168 2160 3229 inciderit,
2181 3168 2277 3220 vel
2296 3168 2367 3220 de
2387 3167 2490 3220 illo

291 3241 612 3303 quicquam
631 3239 926 3291 audiveris
946 3240 1048 3291 ubi
1067 3239 1146 3299 fit,
1173 3239 1351 3291 scribe
1371 3239 1456 3291 illi
1476 3255 1612 3291 meo
1632 3242 1891 3301 nomine,
1918 3245 1982 3291 ut
2001 3239 2064 3291 fit
2082 3240 2242 3292 bono
2262 3242 2489 3292 animo:

291 3309 508 3374 Regem
538 3311 641 3361 esse
670 3309 1021 3374 placabilem
1051 3316 1106 3361 et
1134 3312 1338 3362 omnia
1366 3313 1429 3362 in
1457 3311 1685 3371 meliuS,
1717 3326 1898 3375 quam
1927 3310 2237 3376 adversarij
2265 3316 2490 3376 putant,

291 3381 521 3433 cessura.
549 3380 662 3433 Sed
688 3380 818 3433 haec
845 3396 980 3445 quae
1007 3381 1078 3433 de
1105 3380 1219 3432 hoc
1245 3381 1443 3441 scribo,
1471 3384 1533 3432 in
1559 3381 1774 3433 secreto
1801 3397 2002 3434 coram
2025 3382 2300 3434 omnibus
2320 3387 2375 3434 et
2393 3381 2491 3433 hic

2436 3459 2491 3504 et

2538 1689 2581 1724 15

2536 2045 2583 2080 20

2538 2402 2584 2436 25

2538 3113 2585 3148 35
