2644 4030
123 1108 166 1143 10

123 1463 165 1498 15

119 2177 166 2212 25

121 2890 168 2925 35

339 309 644 363 TYCHO
671 309 793 361 AD
821 308 1304 362 HENRICUM
1331 308 1791 362 BRUCAEUM
1817 310 1850 361 4
1878 310 2077 363 NOV.
2106 311 2250 363 1588
2323 311 2415 363 155

214 452 332 512 stat,
359 467 484 504 non
509 451 584 504 est
610 451 802 517 digna,
829 458 893 504 ut
917 454 982 504 in
1005 453 1371 504 mentionem
1389 453 1604 513 veniat,
1632 467 1768 504 cum
1791 451 1853 504 fit
1875 467 2027 517 pene
2052 455 2415 518 impercepti-

213 523 369 584 bilis;
400 530 455 575 et
483 525 637 575 aeris
667 522 963 576 diverfitas
992 523 1426 588 applicatioque
1453 523 1721 576 Cometae
1748 523 1824 575 ad
1851 523 2244 577 Horizontem
2273 531 2414 576 tem-

213 610 357 660 pore
378 593 755 659 quarundam
775 593 1250 646 observationum
1269 596 1525 660 propior,
1554 595 1930 659 quarundam
1949 610 2091 647 vero
2117 598 2414 656 remotior,

214 665 371 718 hanc
388 665 746 718 tantillulam
766 665 1154 718 diversitatem
1172 665 1427 718 facilime
1447 668 1711 731 ingerere
1731 669 1935 731 potuit,
1963 673 2027 718 ut
2052 666 2203 719 nihil
2222 667 2415 719 dicam

214 735 473 802 paucula
496 736 767 802 scrupula
791 738 855 788 in
879 736 1023 788 locis
1049 736 1322 797 fixarum,
1350 737 1564 802 quibus
1584 737 1720 789 usus
1740 737 1883 798 sum,
1910 737 2078 790 aliter
2100 738 2155 790 se
2179 737 2414 799 habere,

214 823 396 873 quam
408 823 445 860 a
455 807 626 860 nobis
639 810 804 860 iuxta
814 814 1074 860 veterem
1088 808 1658 860 animadversionem
1673 809 1912 861 assumta
1925 809 2071 870 sunt,
2086 809 2246 861 velut
2259 816 2416 874 patet

214 895 288 931 ex
300 879 738 939 Additamento,
759 878 866 931 fini
884 878 1121 931 secundi
1141 881 1344 944 capitis
1365 880 1642 944 appofit0‚
1663 879 1736 932 de
1756 895 1876 945 quo
1898 882 2076 932 etiam
2095 883 2258 945 prius
2278 881 2415 933 dixi.

214 950 393 1003 Hanc
419 953 598 1002 etiam
623 966 747 1002 non
772 952 973 1015 magni
998 953 1284 1002 momenti
1311 950 1758 1016 discrepantiam
1782 954 1846 1003 in
1871 949 2049 1003 duti'tu
2075 951 2276 1004 circuli
2300 952 2414 1005 Co-

213 1028 388 1074 metae
407 1023 471 1073 in
491 1021 613 1086 ipso
632 1021 782 1074 libro
802 1021 905 1074 suo
926 1021 1058 1074 loco
1077 1021 1210 1074 satis
1230 1022 1518 1087 superque
1540 1022 1826 1083 excusavi,
1847 1029 2054 1075 utnon
2074 1038 2224 1088 opus
2243 1022 2416 1075 fuerit

213 1099 336 1146 tam
362 1092 541 1145 exilia
567 1099 621 1144 et
647 1092 723 1145 ad
749 1095 834 1145 rei
858 1092 1099 1158 scopum
1124 1108 1248 1145 non
1273 1096 1627 1158 pertinentia
1651 1108 1846 1158 neque
1867 1096 2187 1159 quicquam
2207 1094 2415 1146 nostrae

213 1166 613 1217 asseverationi
627 1164 787 1229 apud
802 1164 1083 1217 candidos
1104 1170 1159 1216 et
1178 1166 1395 1229 peritos
1415 1164 1765 1229 derogantia
1777 1165 2091 1217 inculcare.
2114 1165 2175 1218 Si
2192 1172 2415 1230 quanto

212 1235 414 1288 labore
436 1242 491 1288 et
509 1235 789 1288 industria
805 1235 881 1288 ad
900 1251 1034 1287 eam
1046 1235 1247 1301 ipsam,
1269 1250 1452 1300 quam
1464 1234 1670 1289 nactus
1683 1235 1827 1297 sum,
1847 1236 2250 1300 praecifionem
2265 1253 2415 1302 opus

212 1306 402 1368 fuerit,
424 1306 545 1372 ipsa
565 1309 927 1371 experientia
945 1306 1078 1359 satis
1098 1304 1460 1371 perspectum
1479 1306 1744 1366 haberes,
1766 1309 1970 1372 utique
1991 1308 2063 1359 de
2083 1309 2344 1360 minimis
2362 1314 2417 1359 et

213 1378 441 1431 sensum
459 1393 612 1443 pene
633 1393 874 1432 omnem
894 1377 1305 1443 effugientibus
1325 1393 1450 1429 non
1470 1378 1649 1430 otiose
1670 1378 2006 1443 disputares,

286 1449 520 1502 Dehinc
540 1448 983 1514 ambiguitatem
1003 1449 1306 1514 quandam
1325 1464 1531 1501 moves
1553 1451 1616 1502 in
1640 1465 1729 1509 e0,
1757 1449 1918 1514 quod
1944 1450 2258 1514 aliquoties
2285 1451 2415 1502 asse-

213 1536 430 1582 vetem,
461 1535 669 1573 omnes
696 1520 977 1573 Cometas
1004 1522 1066 1572 in
1092 1519 1352 1572 aetherea
1376 1522 1615 1586 regione
1640 1520 1815 1586 supra
1839 1521 2074 1572 Lunam
2099 1521 2330 1582 versari,
2362 1527 2417 1573 et

213 1588 697 1645 LYCOSTHEN
701 1591 820 1644 EM
851 1591 1000 1644 mihi
1033 1590 1254 1658 obijciS‚
1288 1607 1546 1656 eumque
1578 1591 1758 1644 refers
1787 1594 1850 1644 in
1879 1592 2141 1656 quodam
2170 1592 2301 1644 loco
2331 1591 2417 1644 sui

212 1663 344 1716 libri
355 1663 426 1716 de
440 1662 690 1716 Ostentis
702 1662 1020 1728 prodidisse,
1037 1662 1322 1727 quosdam
1337 1662 1618 1715 Cometas
1632 1662 2061 1728 conflagrantes
2075 1663 2417 1716 incendium

213 1738 276 1787 in
294 1732 548 1787 subiecta
566 1733 749 1787 Terra
770 1735 1046 1796 excitasse,
1074 1741 1251 1799 atque
1271 1734 1409 1786 inde
1430 1734 1662 1799 aliquos
1685 1734 2030 1787 sublunares
2055 1734 2229 1795 fuisse,
2258 1741 2313 1786 et
2338 1734 2416 1786 se-

214 1806 477 1859 cundum
495 1812 756 1858 mentem
774 1806 1293 1870 Peripateticorum
1312 1807 1475 1871 ignes
1495 1808 1559 1857 in
1577 1806 1849 1871 supremo
1870 1808 2006 1858 aere
2027 1805 2300 1858 accensos
2320 1821 2415 1858 ex·

167 1893 183 1911 ²
212 1879 387 1938 titisse,
401 1880 573 1930 tacite
587 1876 802 1930 inferre
816 1879 1065 1930 conaris,
1087 1872 1108 1945 ΙΙ
1128 1877 1207 1929 At
1221 1892 1345 1943 ego,
1359 1877 1702 1942 perlustrato
1716 1883 1838 1929 toto
1852 1877 1955 1929 illo
1971 1876 2416 1930 LYCOSTHE-

214 1949 343 2002 NIS
356 1948 572 2010 libeH0,
587 1948 738 2001 nihil
751 1948 1107 2001 eiuscemodi
1119 1951 1182 2001 in
1196 1964 1268 2001 eo
1283 1951 1549 2001 invenire
1563 1950 1745 2013 potui.
1768 1949 1894 2000 Imo
1910 1948 2131 2001 etiamfi
2144 1948 2260 2000 tale
2275 1948 2416 2012 quid

213 2020 331 2073 illic
350 2023 717 2085 reperiretur,
744 2020 1168 2073 attendendum
1187 2019 1577 2072 nihilominus
1599 2021 1740 2080 esset,
1765 2019 1925 2084 quod
1945 2019 2028 2071 isti
2048 2026 2286 2071 autores
2306 2019 2414 2071 Hi-

213 2092 400 2145 storici
419 2107 544 2144 non
564 2091 988 2144 Mathematice
1009 2106 1136 2143 rem
1154 2089 1415 2151 tratstent,
1442 2091 1537 2143 sed
1560 2091 1907 2156 generaliter
1927 2090 1998 2142 de
2021 2090 2269 2144 Ostentis
2288 2090 2415 2142 scri-

213 2163 417 2216 bentes
430 2162 836 2228 saepenumero
851 2162 1158 2214 discrimen
1171 2165 1321 2214 inter
1333 2162 1613 2215 Cometas
1627 2178 1834 2214 revera
1844 2164 1907 2214 in
1918 2162 2070 2214 coelo
2083 2161 2417 2213 constitutos

216 2241 271 2287 et
281 2234 438 2287 faces
449 2240 626 2299 atque
637 2234 946 2298 lampadas
960 2233 1234 2299 ignesque
1248 2232 1516 2285 volantes
1530 2233 1855 2298 fimiliaque
1871 2235 2022 2285 aeris
2036 2232 2416 2285 infralunaris

216 2308 398 2371 ignita
416 2311 679 2357 meteora
697 2307 943 2357 minime
966 2304 1199 2357 faciant.
1227 2304 1379 2356 Fieri
1405 2307 1605 2369 itaque
1633 2320 1812 2369 quam
1840 2303 2095 2356 facilime
2121 2305 2325 2369 potuit,
2354 2310 2417 2355 ut

217 2393 290 2429 ex
318 2376 537 2428 horum
561 2378 879 2441 ignitorum
906 2382 960 2427 et
985 2375 1392 2428 sublunarium
1417 2382 1818 2428 meteororum
1843 2375 2059 2428 alicubi
2084 2378 2146 2427 in
2171 2374 2418 2427 Terram

215 2447 462 2513 delapsis
486 2447 828 2500 incendium
854 2446 1155 2511 quoddam
1179 2449 1244 2498 in
1270 2448 1623 2511 competenti
1650 2449 1898 2499 materia
1929 2446 2072 2498 olim
2102 2449 2418 2498 excitatum

216 2519 294 2580 fit,
326 2518 485 2583 quod
513 2525 714 2571 tamen
741 2518 1008 2571 Cometae
1037 2518 1288 2570 alicuius
1317 2517 1763 2583 conflagrationi
1788 2517 1884 2570 vel
1911 2517 2291 2570 flammarum
2321 2532 2416 2569 ex-

216 2592 477 2643 citationi
490 2591 975 2642 inconvenienter
988 2589 1334 2642 attribuitur.
1356 2589 1442 2640 Hi
1457 2591 1617 2640 enim
1631 2605 1755 2641 non
1769 2589 1991 2649 ardent,
2012 2604 2207 2653 neque
2221 2590 2418 2653 ignem

216 2661 413 2722 edunt,
434 2676 644 2714 verum
663 2676 788 2713 non
807 2660 1062 2713 multum
1083 2660 1328 2713 dissimili
1348 2662 1576 2712 ratione
1591 2676 1628 2712 a
1642 2660 1882 2724 reliquis
1902 2660 2073 2712 stellis
2092 2659 2297 2712 lumen
2317 2659 2417 2712 fibi

216 2733 450 2785 infitum
477 2732 726 2793 vibrant,
758 2731 873 2784 five
902 2731 961 2784 id
990 2747 1028 2783 a
1056 2731 1209 2793 Sole,
1242 2731 1356 2783 five
1385 2731 1626 2783 aliunde
1655 2732 1972 2783 obtineant.
2007 2731 2185 2794 Quod
2217 2737 2417 2782 autem

215 2806 525 2857 materiam
550 2806 821 2856 omnium
841 2802 1228 2856 Cometarum
1254 2802 1575 2855 aetheream
1602 2818 1675 2854 ex
1702 2802 1927 2863 eadem,
1954 2805 2017 2854 in
2044 2817 2163 2867 qua
2187 2801 2416 2854 versan-

216 2882 326 2936 tur,
346 2875 556 2928 mundi
576 2877 813 2940 regione
834 2874 1190 2927 constantem
1211 2875 1537 2934 asseverem,
1558 2889 1682 2926 non
1700 2880 1856 2925 caret
1868 2873 1983 2925 suis
1998 2876 2166 2925 certis
2179 2875 2417 2925 rationi-

215 2947 342 3007 buS,
367 2946 530 2999 velut
554 2949 617 2998 in
644 2946 890 3011 Epilogo
916 2948 1093 2998 totius
1120 2947 1313 3010 operis
1339 2945 1572 3009 patebit,
1599 2944 1700 2996 ubi
1725 2960 1797 2996 ex
1815 2944 2057 3010 professo
2077 2944 2149 2996 de
2169 2946 2418 2996 materia

218 3024 273 3070 et
291 3020 697 3082 procreatione
713 3018 1100 3071 Cometarum
1113 3023 1240 3068 tum
1254 3016 1510 3068 aliorum
1524 3018 1836 3080 opiniones
1849 3015 1951 3068 sub
1966 3015 2418 3080 disquisitionem

216 3089 424 3141 iustam
444 3088 752 3148 revocab0‚
773 3095 900 3140 tum
920 3090 1099 3140 etiam
1118 3103 1316 3139 meam
1336 3087 1681 3139 sententiam
1697 3094 1895 3152 aperte
1914 3102 2227 3151 exponam,
2248 3086 2416 3151 fiqui-

217 3160 353 3212 dem
372 3162 436 3211 in
454 3158 569 3211 hoc
582 3159 731 3211 libro
747 3166 802 3211 et
816 3159 1057 3223 reliquis
1072 3161 1251 3210 etiam
1265 3158 1496 3210 duobus
1510 3158 1715 3210 leviter
1728 3157 1841 3210 hac
1856 3158 1927 3210 de
1942 3174 2004 3211 re
2020 3173 2148 3224 ag0,
2170 3174 2242 3210 eo
2258 3157 2417 3222 quod

122 3245 170 3280 40
217 3230 319 3283 ista
332 3229 573 3296 Phyfica
589 3229 971 3283 confideratio
991 3246 1115 3282 non
1135 3235 1532 3294 competenter
1550 3231 1914 3294 proponitur,
1934 3229 2274 3294 priusquam
2294 3244 2417 3280 om-

217 3304 336 3363 nia,
363 3317 499 3366 quae
525 3303 690 3354 iuxta
709 3301 1179 3353 Astronomicam
1206 3300 1760 3353 demonstrationem
1786 3308 1912 3352 tum
1934 3303 1998 3353 in
2021 3301 2198 3353 Nova
2221 3299 2417 3359 Stella,

217 3379 345 3425 tum
359 3375 538 3490 {tiam
551 3371 847 3437 aliquibus
863 3372 1126 3425 Cometis
1139 3372 1336 3437 postea
1348 3371 1496 3432 vifiS,
1518 3388 1555 3424 a
1573 3387 1669 3424 me
1683 3370 2030 3436 pertractata
2043 3370 2417 3494 ῐαετίηὲὲὲιὲ
