2632 4022
205 269 310 320 420
526 267 726 330 QUAE
753 266 1131 318 SEPTIMO
1159 264 1414 317 TOMO
1444 265 2092 318 CONTINENTUR

2251 349 2344 393 Pag.

206 410 468 475 Epistola
488 409 561 461 ab
583 409 808 461 Ioanne
829 409 1096 460 Antonio
1118 408 1367 472 Magino
1389 407 1458 458 22
1478 407 1584 459 Iul.
1591 404 1634 473 ll
1654 408 1806 472 Aug.
1829 408 1944 460 1591
1971 449 2124 460 .....
2177 408 2412 461 303-304

311 510 382 515 ——
529 497 567 533 a
585 479 893 531 Thaddaeo
914 479 1181 544 Hagecio
1203 475 1354 543 19l29
1375 479 1526 544 Aug.
1548 479 1664 531 1591
1687 520 2126 531 .............
2178 479 2413 532 304-305

313 582 380 587 —
491 551 566 604 ad
589 550 854 603 Gellium
875 550 1240 603 Sasceridem
1261 550 1377 602 1591
1400 591 2126 603 .....................
2179 550 2413 604 305-307

316 653 378 658 -
491 623 567 675 ad
587 623 876 674 Ioannem
897 621 1211 673 Metellum
1232 621 1287 673 13
1309 621 1463 673 Nov.
1486 622 1602 673 1591
1617 662 2127 674 ...............
2178 622 2415 675 307-308

316 724 377 728 —-
492 694 567 746 ad
588 695 877 746 Ioannem
899 693 1181 758 Craigum
1201 693 1257 743 14
1280 693 1434 744 Nov.
1456 693 1572 746 1591
1583 733 2128 745 ................
2179 693 2415 746 308-319

314 795 381 800 —-
491 765 566 817 ad
586 765 960 817 Thaddaeum
981 764 1453 829 Hagecium1591
1476 805 1985 816 ...............
1995 769 2020 816 ’.
2045 805 2056 816 .
2082 805 2092 816 .
2117 805 2128 815 .
2179 764 2410 816 319-321

312 866 382 871 —-
491 836 567 889 ad
586 836 960 889 Thaddaeum
981 836 1316 901 Hagecium
1337 836 1392 887 14
1414 835 1591 888 Mart.
1613 835 1741 888 1592
1758 876 2124 888 ...........
2175 835 2412 888 321·326

315 938 378 942 —
491 907 566 959 ad
588 907 1099 960 Bartholomaeum
1119 906 1443 959 Scultetum
1463 907 1520 958 12
1541 907 1718 959 Mart.
1740 907 1869 960 1592
1902 947 2126 959 .......
2309 907 2412 960 327

315 1009 381 1014 ——
492 980 567 1031 ad
588 979 913 1044 Hugonem
933 979 1195 1030 Blotium
1215 978 1285 1030 20
1305 978 1481 1030 Mart.
1504 978 1633 1031 1592
1655 1019 2128 1031 ..............
2178 978 2416 1031 328-330

318 1081 381 1085 -
492 1051 568 1103 ad
588 1051 826 1103 Petrum
846 1051 1087 1102 Iunium
1107 1049 1176 1101 20
1196 1050 1374 1102 Mart.
1396 1050 1525 1103 1592
1547 1090 2127 1102 .................
2180 1049 2416 1102 330-332

314 1151 384 1157 --
493 1122 568 1174 ad
588 1121 964 1174 Thaddaeum
984 1121 1319 1186 Hagecium
1338 1121 1408 1172 22
1429 1121 1606 1173 Mart.
1628 1121 1757 1174 1592
1762 1162 2129 1173 ...........
2180 1121 2417 1173 332-334

316 1223 382 1228 ——
493 1194 566 1246 ab
588 1194 813 1246 Ioanne
835 1193 1052 1258 Craigo
1072 1193 1141 1246 27
1163 1193 1339 1245 Mart.
1362 1192 1491 1245 1592
1513 1233 2130 1245 ..................
2181 1192 2417 1245 334-335

314 1295 384 1300 ——
493 1265 566 1317 ab
588 1265 814 1317 Ioanne
835 1264 1167 1317 Metellano
1188 1265 1245 1316 16
1266 1264 1413 1316 Mai.
1435 1264 1564 1317 1592
1584 1304 2130 1316 ................
2181 1264 2417 1316 336-337

316 1366 383 1370 ——
493 1336 567 1388 ab
589 1337 814 1389 Ioanne
835 1336 1053 1401 Craigo
1074 1337 1106 1388 5
1128 1337 1279 1401 Aug.
1301 1335 1430 1388 1592
1441 1375 2131 1387 ....................
2182 1335 2418 1387 337-338

316 1438 382 1442 —
494 1408 569 1460 ad
590 1408 879 1460 Ioannem
900 1407 1296 1459 Metellanum
1316 1407 1373 1459 19
1393 1408 1544 1472 Aug.
1567 1407 1696 1460 1592
1727 1447 2130 1459 ............
2181 1406 2412 1459 338-341

317 1509 384 1513 ——
494 1480 570 1531 ad
590 1479 964 1532 Thaddaeum
985 1479 1319 1544 Hagecium
1339 1479 1409 1531 28
1429 1478 1581 1543 Sept.
1604 1479 1733 1531 1592
1761 1518 2131 1530 ...........
2183 1477 2418 1530 342-343

317 1579 386 1585 —-
495 1551 570 1603 ad
589 1552 826 1603 Petrum
847 1551 1088 1602 Iunium
1106 1550 1142 1602 l.
1166 1550 1292 1603 Oct.
1315 1550 1444 1602 1592
1477 1590 2131 1602 ...................
2313 1549 2418 1601 344

318 1652 383 1656 —
495 1622 569 1673 ab
590 1623 857 1674 Henrico
879 1622 1128 1674 Brucaeo
1149 1623 1181 1674 5
1203 1622 1357 1673 Nov.
1380 1622 1508 1674 1592
1513 1661 2131 1673 ..................
2314 1620 2418 1673 345

323 1722 385 1727 -
534 1710 571 1745 a
590 1694 897 1746 Thaddaeo
918 1693 1186 1758 Hagecio
1207 1693 1276 1744 22
1298 1690 1513 1758 Nov.l2
1534 1693 1677 1744 Dec.
1696 1693 1825 1745 1592
1835 1733 2132 1745 .........
2183 1691 2418 1744 345-347

318 1794 387 1799 ——
496 1766 571 1817 ad
592 1765 925 1817 Henricum
947 1765 1319 1817 Ranzovium
1338 1766 1372 1817 9
1393 1765 1516 1816 Ian.
1539 1764 1666 1817 1593
1693 1804 2131 1816 .............
2183 1763 2420 1816 347-348

320 1866 385 1870 —--
496 1837 571 1888 ad
592 1837 874 1889 Iacobum
895 1835 1170 1888 Curtium
1190 1836 1247 1887 19
1267 1836 1409 1900 Apr.
1432 1835 1559 1888 1593
1586 1875 2132 1887 ................
2183 1834 2420 1887 348-350

320 1937 386 1941 —
495 1908 570 1959 ad
591 1907 965 1960 Thaddaeum
985 1907 1320 1972 Hagecium
1340 1907 1410 1958 20
1426 1908 1568 1972 Apr.
1591 1907 1719 1960 1593
1730 1947 2133 1959 ............
2184 1906 2420 1959 350-352

319 2008 388 2014 —
497 1980 573 2032 ad
594 1980 831 2031 Petrum
851 1979 1091 2031 Iunium
1110 1979 1180 2031 27
1199 1979 1342 2043 Apr.
1365 1979 1493 2031 1593
1516 2018 2133 2031 ..................
2315 1978 2419 2030 353

318 2080 387 2085 -—
535 2067 571 2103 a
591 2051 760 2103 Petro
781 2051 954 2103 Iunio
975 2051 996 2102 1
1016 2051 1168 2115 Aug.
1191 2050 1318 2103 1593
1336 2090 2132 2102 .......................
2315 2049 2419 2102 354

320 2152 389 2156 -—
498 2123 573 2175 ad
593 2123 830 2175 Petrum
850 2123 1090 2174 Iunium
1110 2123 1154 2173 11
1177 2122 1329 2187 Sept.
1352 2122 1479 2175 1593
1515 2161 2132 2174 ..................
2184 2120 2421 2174 355-356

320 2223 389 2228 —
536 2210 572 2246 a
592 2193 899 2246 Thaddaeo
921 2194 1188 2259 Hagecio
1210 2191 1361 2259 14l24
1382 2193 1525 2245 Dec.
1547 2193 1674 2247 1593
1695 2233 2134 2246 .............
2184 2192 2420 2245 356-357

321 2294 389 2299 -—
595 2265 920 2330 (Casparus
954 2265 1248 2317 Peucerus
1284 2265 1359 2317 ad
1391 2264 1765 2317 Thaddaeum
1801 2265 2136 2330 Hagecium

592 2337 649 2388 21
670 2337 824 2389 Nov.
847 2336 998 2400 1593)
1016 2376 2131 2389 ................................
2183 2335 2421 2388 357-358

321 2437 387 2441 —
497 2408 573 2460 ad
593 2408 966 2461 Thaddaeum
987 2408 1322 2473 Hagecium
1342 2408 1470 2461 1594
1481 2447 2132 2460 ...................
2184 2406 2414 2459 358-361

323 2508 386 2513 -
498 2480 572 2532 ab
593 2480 818 2532 Ioanne
840 2480 1056 2544 Craigo
1077 2480 1146 2531 22
1166 2480 1308 2544 Apr.
1331 2480 1459 2532 1594
1479 2519 2132 2531 ...................
2183 2478 2420 2531 362-364

322 2580 387 2584 —
536 2568 573 2603 a
592 2551 827 2603 Thoma
849 2551 1065 2616 Cragio
1086 2551 1214 2604 1594
1230 2590 2133 2603 ..........................
2184 2549 2419 2603 364-365

322 2651 388 2656 -—
499 2623 574 2675 ad
594 2622 892 2675 Thomam
914 2622 1198 2688 Cragium
1218 2622 1287 2674 26
1308 2622 1413 2674 Iul.
1436 2623 1564 2675 1594
1590 2662 2133 2675 ................
2185 2621 2421 2673 365-366

322 2723 390 2727 —-
538 2711 575 2746 a
596 2694 880 2747 Cunrado
901 2694 1143 2746 Aslacio
1163 2694 1231 2745 23
1254 2693 1380 2746 Oct.
1403 2694 1531 2746 1594
1554 2733 2133 2746 .................
2185 2691 2422 2744 366-368

323 2795 389 2798 —
500 2766 575 2818 ad
596 2765 968 2818 Thaddaeum
989 2766 1324 2830 Hagecium
1345 2765 1401 2816 12
1418 2766 1570 2830 Aug.
1592 2766 1719 2817 1595
1731 2804 2134 2817 ............
2185 2763 2415 2816 368-371

323 2866 389 2870 ——
499 2837 574 2889 ad
595 2836 927 2889 Iohannem
948 2837 1284 2888 Pontanum
1303 2837 1336 2889 5
1357 2836 1510 2901 Sept.
1533 2837 1661 2889 1595
1696 2876 2134 2888 .............
2185 2835 2421 2888 371-374

324 2938 390 2942 -—
501 2909 577 2960 ad
599 2908 902 2973 Oligerum
925 2908 1450 2960 Rosencrantzium
1469 2908 1539 2959 22
1560 2908 1682 2960 Ian.
1705 2908 1834 2959 1596
1838 2947 2134 2959 .........
2186 2905 2420 2959 374-375

324 3009 390 3014 ——
501 2980 574 3031 ab
598 2980 836 3044 Oligero
859 2980 1317 3031 Rosencrantzio
1338 2980 1467 3032 1596
1483 3018 2133 3031 ...................
2316 2977 2421 3030 375

325 3081 390 3083 —
501 3050 575 3102 ab
596 3051 955 3115 Hardewigo
976 3067 1012 3103 a
1032 3051 1417 3103 Dasse111596
1446 3089 2134 3103 ....................
2315 3048 2421 3101 376

325 3150 391 3155 ——
501 3122 577 3173 ad
598 3122 951 3174 Cunradum
968 3121 1275 3174 Aslacium
1295 3122 1352 3173 19
1373 3122 1536 3174 Febr.
1558 3122 1687 3174 1596
1696 3161 2134 3174 .............
2316 3119 2421 3172 377

325 3222 394 3226 -
502 3193 578 3244 ad
598 3192 930 3245 Iohannem
950 3193 1286 3245 Pontanum
1306 3193 1374 3246 25
1396 3193 1573 3245 Mart.
1592 3193 1722 3245 1596
1732 3232 2134 3245 ............
2186 3190 2421 3243 377-379

327 3293 392 3296 —
503 3264 579 3315 ad
599 3264 933 3316 Henricum
953 3265 1324 3316 Ranzovium
1343 3264 1413 3315 22
1433 3264 1596 3316 Febr.
1618 3265 1746 3317 1597
1769 3303 2134 3316 ...........
2186 3261 2422 3314 379-382

504 3335 577 3386 ab
599 3335 813 3387 Iacobo
835 3336 1160 3400 Bongarsio
1181 3336 1251 3387 30
1270 3336 1447 3388 Mart.
1469 3336 1596 3388 1597
1626 3373 2134 3388 ...............
2316 3333 2420 3385 383
