2632 4022
235 286 340 337 340
769 282 1205 335 EPISTOLAE
1231 282 1902 335 ASTRONOMICAE

233 434 360 479 tum
381 441 487 491 ego
506 425 698 484 sciam,
721 424 912 476 nostra
932 439 1055 476 non
1075 423 1254 476 libere
1271 430 1325 475 et
1338 423 1585 476 libenter
1598 424 1897 489 approbet,
1917 425 2100 490 ijsque
2116 426 2267 490 (utut
2280 427 2432 478 Peri-

233 499 620 562 pateticorum
633 498 696 547 in
711 494 939 548 Scholis
953 494 1159 547 ufitata
1172 495 1448 560 dogmata
1461 498 1524 547 in
1539 495 1886 560 quibusdam
1901 496 2256 560 convellant)
2272 504 2435 563 grata

234 570 447 620 mentis
467 565 884 632 significatione
903 565 1230 618 subscribat.
1252 566 1426 618 Solus
1445 566 1541 619 hic
1561 566 1742 619 vester
1760 582 1884 631 prae
1899 568 2174 620 omnibus
2189 568 2320 634 alijs
2334 568 2435 621 fibi

232 640 461 704 sapiens
486 640 810 699 veritatem,
838 653 1020 702 quam
1045 640 1109 689 in
1134 638 1330 689 lucem
1357 653 1429 689 ex
1454 640 1792 690 inveteratis
1819 641 2171 703 opinionum
2198 646 2253 691 et
2279 655 2432 691 erro-

233 726 366 762 rum
385 710 637 761 tenebris
658 709 981 774 producere
1000 708 1392 768 elaboramus,
1414 709 1714 768 offuscare,
1736 716 1799 761 ut
1819 709 1908 770 fic,
1930 710 2434 774 quemadmodum

233 782 329 833 iste
351 797 423 833 ex
444 780 735 833 devastato
757 780 974 832 Dianae
994 780 1231 844 templo,
1259 795 1483 832 nomen
1503 780 1604 832 fibi
1625 780 1926 845 quoddam
1946 787 2260 846 comparet,
2288 785 2433 834 anti-

234 856 424 917 cipata
457 852 717 916 quadam
752 851 1042 916 philautia
1075 857 1130 903 et
1161 851 1615 917 praesumptione
1650 867 1775 904 non
1809 852 2086 904 indecens
2121 855 2433 917 reputavit;

234 923 394 988 quafi
414 926 463 975 is
482 922 638 975 solus
657 925 913 987 penitius
936 938 1062 974 rem
1085 922 1455 988 introspiciat,
1484 939 1666 987 quarn
1693 926 1887 975 caeteri
1914 939 2138 984 omneS‚
2167 930 2222 976 et
2248 927 2434 976 corni-

234 1011 369 1047 cum
390 994 593 1046 oculos
615 993 906 1060 configere
926 993 1137 1046 valeat.
1159 994 1383 1046 Verum
1403 994 1686 1047 eiusmodi
1713 994 2015 1047 cothurnis
2042 1001 2097 1047 et
2122 995 2435 1060 sophisticis

234 1064 805 1126 contradictionibus,
826 1068 1056 1118 veritati
1076 1081 1113 1118 a
1132 1066 1304 1118 nobis
1324 1067 1539 1118 assertae
1559 1065 1764 1118 frustra
1785 1065 2258 1131 obstrepentibuS‚
2285 1066 2435 1119 nihil

232 1141 295 1190 in
314 1138 606 1203 posterum
625 1137 818 1189 nostra
832 1137 1063 1190 Urania
1076 1137 1425 1202 respondere
1439 1138 1786 1203 dignabitur,
1807 1153 1883 1189 ne
1904 1138 2091 1190 bonas
2110 1138 2290 1191 horas
2309 1138 2434 1191 alti·

233 1209 433 1261 oribus
464 1208 944 1273 solidioribusque
976 1209 1317 1261 tribuendas
1349 1209 1685 1274 usqueadeo
1714 1208 1994 1261 inutiliter
2024 1209 2283 1262 collocet.
2316 1209 2434 1262 Ab·

231 1281 567 1333 blandiatur
594 1286 648 1332 et
673 1280 902 1345 placeat
928 1283 977 1332 is
1003 1280 1104 1333 fibi
1130 1283 1311 1345 inque
1337 1280 1440 1332 suo
1468 1280 1755 1333 cerebello
1781 1280 2117 1345 triumphet,
2146 1287 2436 1346 quantum

233 1351 545 1404 allubescit.
561 1352 791 1404 Veritas
806 1353 1117 1404 certissimis
1133 1358 1188 1404 et
1201 1351 1605 1404 infallibilibus
1620 1351 2122 1405 observationibus
2140 1352 2435 1417 (quamvis

234 1430 288 1475 et
314 1423 424 1476 has
450 1423 688 1476 dentata
712 1423 816 1476 sua
840 1423 1034 1488 strigili
1060 1423 1267 1475 rodere
1295 1430 1350 1475 et
1374 1424 1603 1489 turgido
1625 1439 1694 1476 ac
1713 1426 2027 1476 temerario
2048 1423 2193 1476 ausu
2218 1426 2434 1489 impro-

231 1496 372 1547 bare
393 1495 560 1547 nefas
580 1495 743 1547 haud
765 1495 1115 1555 existimarit,
1141 1501 1270 1547 utut
1289 1495 1435 1547 tales
1459 1502 1514 1547 et
1536 1495 1628 1547 his
1654 1498 1864 1547 merito
1891 1494 2277 1547 conferendas
2304 1496 2434 1548 aBe-

233 1569 335 1631 qui
362 1573 417 1618 et
442 1568 659 1619 imitari
684 1568 783 1618 vix
808 1566 1098 1630 sustineat)
1124 1566 1371 1619 fundata
1397 1573 1452 1618 et
1478 1570 1646 1619 certis
1667 1566 2256 1619 demonstrationibus
2278 1567 2434 1620 Geo-

232 1640 486 1690 metricis
515 1638 686 1703 (quas
712 1637 810 1690 ille
836 1653 961 1690 non
986 1641 1201 1699 minuS,
1231 1638 1345 1690 five
1372 1654 1476 1703 per
1500 1638 1786 1690 inscitiam
1812 1638 1926 1690 five
1953 1636 2207 1691 affedtati
2234 1638 2432 1704 iudicij

232 1712 635 1770 temeritatem,
661 1709 947 1762 malitiose
967 1709 1215 1775 sugillat)
1237 1712 1300 1761 in
1320 1716 1590 1774 apertum
1610 1708 1858 1762 dedudta
1883 1709 2149 1762 imbelles
2168 1725 2292 1762 non
2310 1725 2434 1762 mo-

232 1787 395 1833 ratur
414 1783 807 1846 oppugnantis
827 1780 1088 1833 insultus.
1111 1782 1205 1833 Ne
1227 1787 1427 1833 autem
1442 1783 1573 1846 quis
1586 1781 1915 1846 suspicetur,
1935 1796 2048 1842 me,
2071 1782 2231 1846 quod
2246 1781 2434 1834 causae

233 1851 514 1913 diffidam,
551 1852 985 1917 responfionem
1019 1852 1288 1913 aversari,
1324 1855 1553 1905 mittam
1586 1853 2038 1917 Capnuranicas
2071 1852 2247 1917 ipfius
2279 1869 2434 1906 com-

232 1927 641 1983 mentationeS,
671 1923 766 1975 vel
797 1926 992 1988 potius
1023 1930 1375 1984 commenta,
1409 1924 1484 1976 ad
1515 1924 1850 1989 praestantes
1881 1923 2166 1988 quosdam
2195 1927 2258 1976 in
2289 1924 2434 1978 Ger-

232 1998 435 2047 mania
460 1995 933 2056 MathematicOS‚
962 1994 1464 2048 observationibus
1492 1995 1817 2048 coelestibus
1844 2002 2115 2048 accurate
2140 1995 2434 2048 instituen-

234 2067 321 2119 dis
341 2068 585 2119 assuetos
606 2069 744 2118 etin
763 2066 876 2119 hac
895 2070 1145 2119 materia
1164 2066 1343 2119 solide
1363 2067 1620 2120 versatos
1642 2067 1890 2131 (caeteris
1911 2070 2071 2119 enim
2096 2082 2309 2132 parum
2334 2067 2436 2120 ista

231 2138 701 2203 intelligentibuS,
740 2138 966 2199 fucatiS,
1006 2139 1219 2203 quibus
1250 2138 1438 2199 scatet,
1476 2139 1857 2204 sophismatiS,
1896 2138 2066 2191 facile
2099 2138 2436 2204 imposuerit

234 2210 612 2263 CRAIGIUS
641 2209 822 2262 vester
852 2209 973 2274 ille)
1005 2213 1108 2275 qui
1137 2210 1592 2262 controversiam
1620 2210 1776 2263 hanc
1805 2210 2088 2275 exquifita
2115 2210 2352 2263 scientia
2381 2217 2436 2263 et

233 2282 511 2333 diuturno
542 2281 664 2342 usU,
698 2281 1013 2334 decernere
1042 2284 1277 2342 norunt,
1309 2288 1364 2333 et
1391 2282 1626 2347 fingulis
1656 2282 1732 2334 ad
1762 2298 2000 2347 aequam
2027 2284 2310 2334 trutinam
2339 2298 2434 2337 ex-

231 2352 437 2417 penfis,
468 2356 611 2405 citra
639 2350 881 2405 affectus
909 2359 964 2405 et
988 2353 1400 2418 praeiudicium
1429 2354 1636 2414 ullum,
1666 2353 1873 2406 iustam
1901 2353 2087 2405 ferent
2113 2353 2433 2406 censuram.

232 2425 402 2476 Forte
424 2427 600 2476 etiam
621 2424 872 2490 prodibit
885 2424 989 2477 suo
1002 2431 1266 2489 tempore
1281 2428 1610 2477 amicorum
1623 2425 1719 2477 vel
1733 2425 2149 2490 discipulorum
2163 2441 2435 2478 meorum

233 2496 461 2560 aliquiS,
485 2499 586 2560 qui
606 2496 762 2548 hanc
783 2496 1235 2549 controverfiam
1256 2497 1529 2549 dirimere
1551 2503 1606 2548 et
1625 2496 1700 2549 ad
1722 2496 2013 2549 invalidos
2029 2496 2435 2562 Craigicarum

233 2566 629 2620 obied'tionum
654 2566 799 2620 i6tus
825 2568 1251 2632 retorquendos
1279 2571 1466 2620 otium
1491 2568 1593 2620 fibi
1618 2568 1822 2621 sumat.
1851 2568 2062 2633 Sicque
2085 2568 2326 2620 tandem
2347 2570 2433 2620 in-

232 2638 443 2704 fringat
462 2639 645 2692 solido
665 2642 905 2704 propria
925 2639 1157 2692 delusus
1175 2640 1249 2692 ab
1267 2646 1406 2692 arte.
1429 2640 1498 2691 In
1516 2655 1613 2692 me
1634 2639 1909 2704 equidem
1929 2655 2054 2691 non
2073 2639 2328 2704 amplius
2348 2642 2435 2691 in-

232 2713 427 2762 veniet
452 2710 913 2776 Antagonistam.
943 2711 1176 2763 Praestat
1203 2714 1362 2764 enim
1387 2711 1591 2763 Tomis
1620 2711 1824 2763 nostris
1853 2711 2434 2777 Progymnasmatum

232 2781 777 2834 Astronomicorum
792 2782 966 2847 (quos
979 2798 1139 2834 nunc
1152 2799 1275 2848 prae
1289 2782 1566 2835 manibus
1580 2782 1797 2846 habeo)
1812 2782 2179 2835 absolvendis
2191 2798 2435 2847 operam

233 2853 444 2914 locare,
467 2869 649 2918 quam
668 2853 882 2906 talibus
900 2852 1183 2906 affectatis
1201 2854 1846 2907 obmurmurationibus
1864 2854 2244 2906 retundendis
2261 2856 2433 2906 inuti-

233 2924 362 2976 liter
382 2928 673 2990 occupari.
697 2925 971 2989 Quorum
988 2941 1112 2978 non
1126 2925 1314 2978 solum
1331 2929 1556 2991 primus
1573 2926 1698 2991 (qui
1713 2927 1784 2978 de
1800 2926 1978 2978 Nova
1992 2925 2170 2978 Stella
2184 2925 2434 2978 ubertim

235 2995 372 3060 agit)
396 2996 672 3049 CRAIGI
694 3000 847 3049 circa
866 2997 1022 3049 hanc
1043 3013 1281 3062 quoque
1301 3000 1698 3063 ignorantiam
1718 3004 1773 3050 et
1793 2998 1966 3049 crassa
1987 3003 2179 3050 errata
2199 2996 2433 3049 abunde

234 3066 557 3131 patefaciet,
579 3068 674 3120 fed
690 3075 744 3120 et
758 3068 970 3133 reliqui
985 3069 1103 3121 duo
1119 3070 1191 3122 de
1207 3072 1469 3134 quinque
1486 3069 1749 3121 Cometis
1765 3085 1836 3121 ex
1850 3068 2092 3133 professo
2106 3066 2432 3128 tradtante&

236 3138 446 3202 eosque
469 3154 676 3191 omnes
697 3140 969 3201 coelesteS‚
998 3143 1141 3193 citra
1161 3156 1339 3193 omne
1360 3141 1621 3201 dubium,
1649 3141 1805 3192 fuisse
1831 3140 2171 3205 apertissime
2192 3139 2432 3192 demon-

234 3208 489 3269 strantes,
511 3226 693 3274 quam
711 3226 1022 3275 perperam
1037 3218 1092 3264 et
1105 3212 1310 3265 frustra
1325 3212 1677 3265 CRAIGUS
1697 3212 1792 3264 hic
1812 3211 2016 3263 nostris
2036 3211 2433 3263 assertionibus

235 3278 570 3344 refragetur,
602 3284 786 3333 cuivis
814 3282 945 3334 luce
975 3283 1314 3336 Meridiana
1343 3283 1558 3336 clarius
1585 3283 1660 3336 ob
1687 3283 1890 3336 oculos
1919 3288 2156 3347 ponent.
2186 3282 2364 3343 Hinc,
2393 3281 2434 3333 fi

234 3350 407 3411 volet,
439 3351 558 3403 suae
586 3353 1015 3406 evidentissimae
1045 3354 1543 3416 hallucinationis,
1576 3357 1924 3420 ignorantiae
1952 3360 2007 3406 et
2030 3353 2433 3419 ineptitudinis

1961 3425 2433 3490 redargutionem

2483 729 2505 763 5

2488 1084 2530 1119 10

2489 1441 2529 1476 15

2484 2157 2530 2191 25

2483 2514 2530 2615 ’μὲ

2483 2872 2530 2908 35

2482 3228 2529 3263 40
