2644 4030
182 344 186 348 -
285 309 390 361 306
819 306 1258 359 EPISTOLAE
1284 306 1956 360 ASTRONOMICAE

282 450 474 501 sertim
504 464 638 513 quae
668 448 765 499 hic
795 448 1138 500 decliviores
1166 447 1311 508 sunt,
1343 448 1553 500 eodem
1583 448 1915 513 diligentius
1944 449 2253 510 observari,
2283 456 2347 501 ut
2376 450 2481 502 Re-

281 519 634 572 fradtionum
660 522 809 571 ratio
836 521 1047 571 certius
1072 525 1284 583 pateat.
1316 519 1566 584 Eclipses
1592 535 1830 584 quoque
1858 520 2123 572 Lunares
2148 535 2253 585 per
2271 520 2481 573 Altitu-

283 592 448 643 dines
472 591 750 642 Fixarum
778 589 1085 641 illustrium
1110 589 1310 642 sedulo
1336 593 1546 651 notari,
1573 596 1637 642 ut
1663 590 1992 643 differentia
2016 591 2483 644 meridianorum

280 662 608 714 nostrorum
633 660 969 720 innotescat,
996 663 1262 725 apprime
1289 660 1618 713 consultum
1645 661 1931 713 duxerim.
1958 663 2155 727 Atque
2181 661 2311 715 haec
2338 669 2393 715 et
2418 662 2481 714 fi-

280 733 444 784 milia
463 732 703 797 ipsemet
723 732 1123 792 MAGINUS‚
1152 734 1330 783 etiam
1348 739 1403 784 te
1424 732 1674 793 absente,
1695 732 1864 785 facile
1886 734 2168 798 expediet.
2197 733 2257 786 Si
2277 733 2481 786 Plane·
2531 751 2553 786 5

278 811 473 856 tarum
500 818 738 868 quoque
764 803 896 855 loca
921 818 1026 867 per
1052 803 1347 855 distantias
1367 819 1404 855 a
1423 802 1556 855 fixis
1582 803 1877 864 fideribUS‚
1904 806 1975 869 ijs
2001 804 2320 869 prael'ertim
2346 820 2482 870 quae

280 891 316 927 a
329 875 499 926 nobis
513 875 769 926 restituta
783 874 1104 939 Catalogus
1124 874 1472 926 transmissus
1494 873 1744 935 exhibet,
1765 874 2007 927 subinde
2028 878 2272 928 rimatus
2292 875 2481 937 fuerit,

278 949 481 1010 utique
509 952 733 1010 quanta
757 945 820 997 fit
848 945 1005 997 Coeli
1032 951 1087 997 et
1114 946 1436 997 Canonum
1459 946 2004 998 Astronomicorum
2030 945 2360 999 differentia
2386 962 2481 999 ex-

277 1020 548 1081 perietur.
572 1017 740 1069 Mars
759 1019 822 1068 in
842 1016 1051 1068 ultimo
1071 1016 1429 1082 Acronycho
1449 1016 1555 1069 fitu
1577 1017 1833 1069 eundem
1852 1017 2035 1069 ferme
2054 1017 2253 1069 locum
2275 1017 2481 1083 (digre-

278 1089 471 1140 diente
501 1088 576 1140 ad
606 1095 804 1140 ternos
832 1088 1046 1153 gradus
1072 1087 1579 1152 Alphonfinorum
1609 1087 1860 1152 calculo)
1891 1089 2120 1141 coelitus
2150 1088 2481 1154 designavit,
2535 1106 2578 1141 ιο

278 1175 455 1224 quem
476 1162 735 1211 rationes
757 1159 1142 1224 Coperniceae
1165 1159 1471 1224 postulant,
1493 1154 1514 1228 ΙΙ
1535 1159 1640 1211 nifi
1661 1166 1951 1224 quantum
1970 1163 2034 1212 in
2053 1159 2294 1225 fimplici
2313 1167 2480 1213 motu
2528 1169 2581 1212 1v

277 1231 430 1283 Solis
463 1237 639 1295 atque
673 1229 1188 1296 AEquinocliorum
1226 1231 1594 1296 praecessione
1627 1231 1701 1283 ab
1735 1246 1807 1282 eo
1839 1230 2176 1283 aberratum
2214 1231 2304 1291 est,
2345 1247 2480 1284 cum

277 1302 424 1354 alias
449 1307 497 1361 d*
521 1318 748 1367 pernox
768 1301 969 1362 factuS,
990 1305 1146 1354 intra
1165 1318 1354 1354 unum
1371 1302 1467 1354 vel
1487 1301 1740 1354 alterum
1759 1303 2024 1368 gradum,
2044 1318 2482 1367 nonnunquam

277 1377 453 1426 etiam
485 1374 699 1439 plures,
734 1373 1029 1426 calculum
1062 1373 1498 1438 Coperniceum
1531 1373 1745 1426 eludat.
1786 1373 1964 1438 Quod
1994 1389 2136 1426 vero
2169 1389 2329 1426 nunc
2359 1381 2483 1426 tam

275 1460 458 1510 prope
480 1445 842 1504 consenserit,
870 1445 929 1497 id
957 1444 1146 1497 causae
1169 1444 1293 1506 fuit,
1321 1445 1481 1509 quod
1502 1447 1655 1497 circa
1674 1445 2002 1511 Perigaeum
2022 1444 2174 1498 Solis
2193 1445 2279 1497 illi
2299 1461 2479 1510 oppo-
2533 1462 2576 1497 1⁵

275 1517 545 1576 nebatur;
567 1517 744 1581 idque
762 1516 1017 1568 nostram
1031 1515 1466 1582 Hypothefium
1480 1516 1799 1568 coelestium
1814 1516 2231 1569 restitutionem
2246 1516 2479 1568 eviden-

274 1594 360 1639 ter
390 1587 721 1648 confirmat;
752 1587 1071 1652 praesertim
1101 1603 1237 1639 cum
1265 1590 1430 1639 iuxta
1457 1587 1683 1640 medias
1709 1590 1860 1639 inter
1885 1589 2220 1653 Apogaeum
2247 1593 2302 1639 et
2327 1588 2480 1640 Peri-

275 1674 470 1724 gaeum
489 1659 692 1711 Solare
714 1660 1118 1724 elongationes
1143 1663 1191 1717 ἅ
1215 1658 1627 1724 Acronychius
1646 1657 1848 1718 fmstus,
1870 1659 2194 1723 plurimum
2208 1674 2245 1711 a
2260 1659 2479 1724 Coper-

275 1733 457 1782 niceis
471 1733 734 1782 numeris
749 1730 1032 1782 dissentire
1045 1729 1534 1794 deprehendatur,
1550 1730 1727 1795 idque
1739 1732 1801 1782 in
1813 1730 2066 1782 diversas
2079 1736 2291 1795 parteS,
2306 1736 2481 1795 prout

275 1802 726 1853 Eccentricitatis
738 1801 1052 1853 insinuatio
1063 1801 1326 1866 postulat.
1343 1801 1506 1853 Idem
1516 1804 1579 1853 in
1590 1801 1831 1865 reliquis
1843 1801 2075 1854 duobus
2085 1801 2480 1866 superioribus
2529 1817 2575 1853 20

274 1872 528 1924 Planetis
549 1872 655 1924 usu
669 1875 845 1933 venit,
866 1872 999 1924 licet
1019 1875 1082 1924 in
1102 1871 1194 1924 his
1217 1872 1291 1924 ob
1314 1872 1548 1924 orbium
1567 1873 2036 1937 magnitudinem
2056 1875 2255 1925 minus
2274 1872 2479 1925 sentia-

272 1950 381 1996 tur.
411 1944 789 1996 Concurrunt
814 1951 1016 1996 tamen
1037 1951 1091 1995 et
1111 1943 1246 1995 aliae
1274 1944 1551 2008 quaedam
1575 1943 1781 2004 causae,
1810 1959 1883 1995 ex
1909 1943 2479 1996 commensuratione

272 2022 555 2075 veterum,
589 2015 859 2080 adeoque
891 2014 1067 2079 ipfius
1100 2014 1545 2075 COPERNICI,
1579 2031 1703 2067 non
1735 2015 1867 2067 satis
1900 2021 2170 2068 accurate
2203 2014 2478 2076 instituta3

274 2102 409 2150 quae
431 2089 636 2138 omnia
655 2102 780 2138 non
801 2086 875 2138 est
895 2086 1074 2138 huius
1094 2086 1209 2138 loci
1230 2089 1530 2139 extricare.

343 2159 411 2210 In
426 2158 701 2222 operibus
715 2161 862 2210 meis
877 2157 1247 2222 perficiendis
1263 2157 1731 2222 excudendisque
1747 2157 1897 2210 nihil
1913 2157 2025 2209 hac
2040 2157 2231 2210 aestate
2249 2157 2477 2210 labora·
2527 2174 2574 2209 25

271 2236 398 2280 tum
425 2229 515 2290 est,
544 2230 618 2281 ob
645 2232 813 2281 varia
838 2230 1261 2294 impedimenta
1288 2235 1343 2281 et
1369 2235 1758 2281 avocamenta
1782 2232 1982 2281 minus
2007 2235 2193 2294 grata;
2221 2228 2262 2280 fi
2287 2228 2479 2281 hiems

271 2300 645 2365 tranquillius
667 2307 722 2352 et
743 2300 1133 2365 exoptabilius
1154 2303 1342 2352 otium
1361 2300 1694 2366 praebuerit,
1715 2300 1948 2352 favente
1968 2300 2180 2352 coelesti
2195 2300 2477 2361 Numine,

271 2372 799 2424 inchoatamtelam
808 2379 1127 2437 pertexam,
1140 2372 1521 2437 posteaquam
1533 2387 1668 2423 cum
1679 2371 2130 2436 praestantissimo
2138 2371 2476 2424 MAGINO

272 2443 369 2508 alij
376 2443 513 2508 sque
526 2446 588 2495 in
599 2443 768 2495 Italia
780 2444 1020 2496 eruditis
1031 2442 1400 2508 Philosophis
1411 2443 1487 2504 id,
1501 2443 1779 2508 quicquid
1791 2445 1913 2503 erit,
1928 2443 2138 2495 lubens
2151 2445 2476 2495 communi·

272 2517 391 2566 cari
412 2514 648 2566 curabo,
671 2515 731 2567 Si
752 2517 976 2567 interea
989 2515 1164 2580 ipfius
1180 2530 1362 2580 opera
1375 2515 1685 2579 Privilegia
1699 2530 1736 2566 a
1750 2514 2030 2566 Pontifice
2048 2521 2102 2566 et
2116 2514 2285 2566 Duce
2302 2514 2476 2566 Man·
2525 2529 2572 2565 30

270 2592 389 2637 tuae
402 2586 498 2651 alij
506 2586 643 2650 sque
656 2585 842 2638 Italiae
854 2586 1210 2650 proceribUS‚
1226 2593 1515 2651 quotquot
1529 2589 1842 2650 impetrare
1857 2585 2099 2646 licuerit,
2115 2592 2289 2651 prout
2301 2584 2476 2637 bene-

269 2657 403 2708 vole
424 2657 747 2721 pollicetur,
777 2657 1104 2718 obtinuer0‚
1133 2673 1259 2709 rem
1278 2657 1598 2722 praestiterit
1617 2657 1766 2709 mihi
1785 2657 2155 2722 summopere
2177 2663 2478 2720 acceptam

272 2731 554 2793 omnique
575 2729 943 2794 gratitudinis
963 2728 1383 2794 significatione
1405 2728 1918 2794 compensandam.

343 2800 655 2852 Canonem
687 2800 973 2852 Radicum
1003 2800 1461 2864 Quadratarum,
1497 2815 1675 2865 quem
1706 2799 1961 2860 molitur,
1996 2799 2168 2851 avide
2198 2798 2473 2851 defidero.

271 2870 402 2922 Scio
425 2871 698 2935 equidem
718 2871 820 2923 tali
841 2874 1070 2923 ratione
1084 2871 1479 2937 Tangentium
1496 2887 1565 2923 ac
1581 2871 1919 2923 Secantium
1931 2869 2192 2923 Tabulas
2213 2869 2476 2922 excusari
2524 2886 2571 2921 35

270 2943 435 3005 posse,
463 2958 542 2994 an
561 2958 703 2994 vero
724 2945 1031 3007 promtiori
1052 2943 1420 3008 compendi0,
1448 2943 1718 2995 nondum
1739 2943 2003 2994 dixerim.
2033 2940 2372 3006 Scripfissem
2391 2943 2474 3005 ip-

269 3012 445 3064 semet
475 3030 633 3065 nunc
664 3014 1020 3075 MAGINO‚
1050 3014 1146 3066 sed
1175 3015 1251 3066 ad
1279 3020 1530 3065 matrem
1558 3013 1736 3065 Aulae
1764 3013 2096 3078 magistram
2127 3012 2285 3077 (quae
2315 3012 2475 3076 apud

270 3083 554 3148 Reginam
584 3085 1044 3150 Fridrichsburgi
1075 3086 1293 3137 diutius
1321 3101 1504 3150 quam
1529 3085 1828 3150 sperassem
1857 3084 2108 3144 haerenS,
2141 3090 2195 3135 et
2223 3085 2475 3148 proprijs

271 3155 783 3207 commoditatibus
805 3156 1068 3208 destituta
1087 3159 1285 3208 minus
1305 3156 1580 3221 prospera
1595 3151 1615 3224 ΙΙ
1630 3155 1840 3208 fruitur
1853 3154 2216 3218 valetudine)
2238 3169 2472 3215 avocor‚
2515 3162 2569 3206 2¹

272 3231 326 3276 et
351 3225 632 3290 pleraque
660 3227 794 3288 alia,
823 3243 958 3292 quae
985 3243 1080 3279 me
1102 3244 1139 3280 a
1157 3228 1464 3292 scriptione
1488 3230 1801 3287 retardant,
1828 3242 1988 3278 nunc
2009 3226 2274 3278 incidunt
2294 3224 2473 3277 obsta-
2523 3241 2570 3276 40

271 3298 421 3347 cula.
445 3296 684 3348 Interim
705 3301 990 3350 eximium
1009 3298 1171 3350 hunc
1185 3305 1241 3350 et
1253 3301 1454 3364 magni
1468 3301 1727 3350 nominis
1742 3298 1967 3358 Virum,
1990 3300 2092 3362 qui
2111 3299 2246 3357 mei,
2267 3302 2331 3348 ut
2350 3311 2474 3348 non

270 3366 525 3427 obscure,
547 3374 672 3420 tum
689 3384 760 3420 ex
775 3369 949 3433 ipsius
963 3376 1090 3421 tum
1105 3372 1283 3422 etiam
1296 3373 1411 3422 tuis
1424 3369 1628 3422 litteris
1641 3369 1921 3434 perspexi,
1944 3368 2018 3420 est
2038 3368 2472 3427 amantissimUS,

2334 3452 2471 3489 meo
