2644 4030
249 284 343 336 316
783 279 1222 333 EPISTOLAE
1248 277 1919 331 ASTRONOMICAE

243 424 631 492 perlegendo
644 421 803 474 nibil
813 421 1038 488 reperi,
1056 421 1221 487 quod
1227 435 1353 473 non
1364 419 1642 472 maxima
1651 421 1837 473 laude
1849 419 2107 488 dignum
2117 419 2274 472 mihi
2286 419 2448 473 Vide-

249 499 438 557 retur,
471 492 1054 559 communicavique
1084 506 1226 544 cum
1257 490 1480 544 amicis
1510 489 1782 557 eiusdem
1804 488 2088 556 scientiae
2108 489 2449 558 profestori-

251 567 382 628 buS,
407 565 513 632 qui
528 579 776 617 mecum
795 564 959 617 idem
973 561 1266 630 sentiunt.
1289 563 1507 629 Neque
1516 562 1842 630 gravabor
1853 560 2143 629 adipsum
2155 560 2448 628 scribere,

252 640 316 691 et
333 633 746 701 officiosissime
771 633 1017 703 gratias
1042 632 1152 701 ipsi
1169 635 1243 687 de
1262 632 1510 686 liberali
1532 634 1693 686 dono
1712 647 1788 686 ac
1810 634 1884 686 de
1903 634 2220 700 praeclaro
2236 632 2352 699 suo
2376 634 2452 687 de

249 724 350 762 me
370 706 598 760 iudicio
619 721 828 774 agere,
852 720 1011 772 quas
1027 704 1343 757 maximas
1355 707 1637 771 potuero.
1662 704 1940 769 Quocum
1956 703 2145 757 etiam
2161 704 2452 758 conferre
2501 722 2523 757 ⁵

252 781 510 832 voluero
529 778 846 839 nonnulla,
877 791 1018 844 quae
1038 777 1120 829 ad
1135 778 1415 829 motuum
1436 775 1706 828 attinent
1724 772 2184 829 correctionem.
2212 774 2451 829 Pollici-

253 850 402 903 tatio
436 848 603 902 enim
634 848 743 901 illa
777 849 1307 901 emendandorum
1338 849 1634 909 motuum,
1667 846 1733 898 in
1769 846 1992 913 quibus
2019 844 2335 913 bucusque
2362 846 2452 898 in-

243 919 455 989 signes
469 919 734 973 aliorum
747 917 961 986 lapsus
975 916 1287 986 contigisse
1302 917 1594 980 affirmat,
1615 932 1733 980 me,
1758 920 1826 971 ut
1839 932 2059 971 verum
2072 917 2294 980 fatear,
2311 932 2452 971 con-

253 991 540 1054 turbavit,
559 1005 685 1044 non
702 990 849 1057 quin
866 1005 986 1058 ego
1001 988 1333 1056 desiderem
1349 1004 1462 1043 eos
1474 986 1719 1054 restitui,
1734 987 1850 1056 sed
1861 988 2153 1056 quoniam
2167 988 2233 1041 id
2244 1003 2453 1055 quam-

244 1063 521 1131 primum
540 1061 681 1115 fieri
702 1059 1049 1128 desiderem,
1065 1059 1115 1127 si
1129 1075 1256 1114 non
1277 1060 1417 1122 alia,
1432 1059 1658 1127 saltem
1677 1074 1821 1114 mea
1838 1057 2025 1127 ipsius
2045 1058 2280 1126 causa«
2507 1077 2549 1112 ιο

323 1135 522 1186 Postea
549 1149 685 1186 cum
711 1134 989 1198 quaedam
1017 1149 1089 1184 ex
1114 1133 1319 1184 nostris
1346 1131 1951 1184 animadversionibus
1975 1134 2129 1183 circa
2152 1133 2455 1196 negotium
2480 1177 2483 1180 Δ

251 1206 725 1258 Astronomicum
745 1205 862 1266 fibi,
884 1204 1278 1256 intercedente
1301 1204 1511 1256 eodem
1527 1203 1836 1263 GELLIO,
1859 1219 1896 1255 a
1914 1218 2011 1254 me
2029 1204 2455 1255 communicari

251 1279 500 1343 petijsset‚
515 1276 645 1329 haec
658 1276 969 1341 subiungit:
988 1293 1011 1323 »
1024 1273 1691 1342 ObserVaVipraeterea
1704 1273 1770 1326 in
1787 1273 1926 1327 eius
1937 1273 2112 1337 libro,
2129 1274 2294 1341 quod
2302 1271 2459 1325 mihi

251 1363 550 1473 5351?ssss
564 1345 1575 1487 22221532233315535321335323
1588 1342 2460 1484 555204-332532131‘32295335
2509 1432 2550 1468 1⁵

249 1491 389 1559 guli
416 1490 641 1544 venari
663 1487 872 1557 potest,
909 1504 1033 1543 uno
1056 1487 1300 1555 scilicet
1330 1491 1570 1542 tantum
1604 1489 1839 1555 angulo
1870 1489 2014 1540 dato
2044 1502 2186 1541 cum
2217 1487 2458 1540 duobus

252 1561 556 1616 lateribus
584 1561 754 1614 circa
779 1559 994 1628 ipsum.
1026 1559 1301 1614 TYCHO
1324 1559 1492 1613 enim
1517 1558 1648 1626 ipse
1666 1559 1732 1611 id
1748 1558 2026 1612 inveniri
2043 1556 2204 1626 posse
2230 1556 2458 1625 absque

248 1632 760 1701 perpendiculari
786 1647 861 1686 ac
888 1646 1124 1699 magna
1156 1631 1401 1699 quidem
1431 1630 1736 1684 facilitate
1766 1627 2131 1698 investigari
2152 1627 2462 1697 significat

248 1720 394 1772 pag.
411 1706 514 1757 281
536 1703 854 1770 inquiens:
879 1703 1031 1757 Cum
1050 1702 1245 1771 igitur
1262 1717 1431 1755 nunc
1452 1699 1683 1767 constet
1700 1703 1974 1770 angulus
1987 1702 2188 1753 ΒΗΚ
2201 1703 2315 1754 etc.
2347 1699 2462 1754 Ubi

254 1776 828 1829 MESTHLINUM
842 1790 1099 1842 quoque,
1113 1771 1229 1840 sed
1243 1771 1523 1839 modeste,
1539 1770 1913 1841 perstringit,
1938 1771 2045 1839 qui
2063 1771 2232 1825 Viam
2251 1771 2318 1824 in
2337 1772 2459 1824 hac
2508 1788 2554 1823 20

254 1862 326 1900 re
341 1861 734 1900 communem
747 1844 1150 1913 sitsequutuS.
1172 1844 1477 1912 Equidem
1488 1844 1764 1912 primum
1781 1859 2023 1911 quoque
2045 1842 2466 1897 TYCHONIS

255 1915 441 1983 nostri
459 1917 686 1970 librum
708 1915 1078 1985 cupidissime
1099 1914 1369 1984 expe6t0,
1396 1930 1602 1983 neque
1626 1915 1836 1968 maius
1860 1914 2231 1968 beneficium
2253 1912 2459 1981 conse·

257 1989 364 2056 qui
380 2004 482 2112 thie
495 1986 657 2056 posse
677 1989 887 2042 fateor
903 2003 941 2041 a
964 1987 1159 2050 vobis,
1183 2002 1369 2055 quam
1382 1985 1433 2053 si
1440 1984 1644 2053 statim
1665 2002 1741 2041 ac
1754 1985 2074 2054 prodierit,
2097 2000 2353 2053 compos
2372 1984 2460 2053 ip-

274 2076 376 2114 ius
440 2075 573 2113 am«
601 2066 703 2112 etc.

249 2059 299 2127 s
328 2133 415 2184 Ex
430 2132 643 2196 quibus
656 2137 829 2196 patet,
846 2131 1262 2183 MAGINUM
1278 2147 1402 2182 non
1417 2130 1722 2183 oscitanter
1736 2129 1896 2182 hunc
1910 2129 2232 2181 secundum
2244 2128 2461 2180 librum
2509 2145 2556 2180 25

256 2203 607 2268 perspexisse‚
630 2206 831 2255 eteius
846 2205 1132 2254 contentis
1153 2202 1316 2254 haud
1336 2205 1624 2267 gravatim
1643 2200 2022 2265 subscripfisse.
2045 2201 2208 2253 Idem
2222 2215 2461 2265 quoque

256 2272 2461 2410 5533&ssssAEdz‘t’ssnfiffifflfflffififfiffissfffuffssffifffiizsszssssuffisszz
2510 2346 2539 2390 ψ

263 2417 535 2484 »Accepi
550 2416 776 2470 librum
799 2419 972 2470 tuum
994 2414 1454 2481 eruditissimum
1476 2416 1559 2468 ad
1573 2430 1675 2469 me
1698 2417 1803 2468 tuo
1822 2414 2075 2468 nomine
2096 2429 2135 2467 a
2161 2412 2463 2469 GELLIO

260 2488 735 2542 SASCERIDE
753 2486 1172 2555 transmissum,
1203 2502 1324 2554 quo
1345 2486 1503 2539 mihi
1521 2487 1636 2540 abs
1657 2489 1717 2540 te
1737 2485 1896 2539 nihil
1908 2485 2162 2554 gratius
2181 2483 2466 2539 exbiberi
2511 2502 2558 2537 30

253 2559 469 2627 potuit,
500 2574 641 2612 cum
663 2558 962 2626 eiusmodi
971 2557 1208 2626 scripta
1229 2556 1610 2624 curiosissime
1631 2557 2002 2625 conquirere
2015 2555 2270 2623 soleam,
2298 2571 2374 2610 ac
2394 2555 2463 2608 li-

260 2629 594 2696 bentissime
613 2633 975 2698 perlegere,·
1002 2630 1113 2683 Vix
1136 2630 1303 2683 enim
1331 2629 1457 2682 alia
1481 2629 1584 2682 Via
1602 2627 1932 2696 sperassem
1959 2643 2104 2682 eum
2131 2628 2214 2681 ad
2234 2642 2464 2680 manus

259 2717 439 2755 meas
460 2705 932 2769 perventurum,
962 2717 1104 2755 cum
1123 2716 1447 2768 perpauca
1473 2698 1600 2767 istic
1627 2699 1853 2767 excusa
1882 2698 2202 2753 Volumina
2219 2697 2469 2766 soleant

260 2774 325 2825 in
347 2773 591 2826 Italiam
618 2773 960 2840 importari,
983 2776 1247 2841 propter
1268 2771 1790 2840 longinquitatem
1816 2770 2064 2825 itineris
2091 2785 2167 2824 ac
2194 2767 2465 2824 vedturae

262 2844 717 2907 difficultatem;
746 2860 821 2898 eo
851 2844 1105 2907 accedit,
1139 2845 1304 2911 quod
1326 2841 1769 2912 elegantissimo
1793 2844 1914 2896 hoc
1938 2857 2216 2905 munere,
2249 2840 2468 2908 quanti
2512 2858 2559 2894 35

260 2931 362 2968 me
388 2917 657 2979 facereS,
678 2918 993 2983 praeclare
1011 2912 1376 2984 significasti,
1407 2930 1527 2982 quo
1548 2914 1796 2982 quidem
1816 2913 2070 2967 nomine
2091 2912 2201 2966 tibi
2215 2911 2465 2981 gratias

262 2985 808 3123 {ffizffiffoffgissffz
821 2984 2467 3123 Ξῶξῇῇῖὲἕὲ[1-3εέῗὲἓὲὲῖῒέἓξὲξὲᾲῗῖἓῖῗέἑῖἓῑξξὲ

265 3132 441 3180 etiam
453 3130 528 3181 ad
541 3129 907 3183 GELLIUM
923 3136 1098 3182 antea
1111 3132 1477 3181 mentionem
1487 3129 1718 3190 fecerat,
1731 3144 1871 3181 ame
1884 3131 2037 3180 circa
2048 3127 2466 3180 restitutionem

264 3199 732 3252 Astronomicam
748 3203 1110 3265 expetivisset‚
1126 3204 1189 3252 in
1203 3200 1363 3252 hunc
1377 3200 1625 3252 modum
1638 3199 2030 3265 proloquitur:
2051 3199 2296 3252 »Meum
2313 3211 2466 3251 Vero
2479 3213 2560 3257 μυ

257 3268 505 3336 sensum
539 3285 615 3323 ac
645 3271 942 3324 iudicium
976 3273 1051 3325 de
1085 3275 1189 3324 tuo
1220 3271 1328 3324 illo
1354 3273 1669 3338 praeclaro
1698 3270 1912 3324 labore
1945 3269 2115 3323 circa
2148 3269 2466 3322 Cometam

266 3355 433 3393 anno
459 3342 599 3393 1577
614 3340 1001 3409 conspeetum
1022 3358 1103 3396 ne
1125 3341 1443 3408 defidereS,
1465 3340 1550 3408 sic
1567 3343 1810 3404 liabetO,
1836 3340 1936 3395 Vir
1952 3338 2298 3405 clarissime:
2323 3353 2465 3419 cum

2299 3424 2464 3464 enim
