2644 4030
278 296 370 347 188
813 292 1251 345 EPISTOLAE
1278 291 1948 344 ASTRONOMICAE

277 436 535 487 dendum
551 437 781 499 cuique,
800 434 893 486 his
909 441 1108 486 utrum
1122 433 1341 485 habere
1356 433 1536 485 fidem
1550 450 1629 485 an
1643 433 2134 498 Philosophorum
2148 435 2473 488 rationibus

276 507 428 559 velit.
459 506 738 558 Colorem
761 505 916 558 Coeli
941 504 1349 570 sapphirinum
1375 507 1625 570 conijcio
1652 521 1776 556 non
1803 506 1906 557 esse
1932 505 2172 558 aliunde
2199 522 2381 570 quam
2402 522 2474 558 ex

277 580 447 642 aquis
469 584 523 628 et
543 576 798 628 nubibus
812 577 1074 641 supernis
1088 575 1334 640 profusis
1350 583 1404 627 et
1418 574 1605 628 tinstis
1620 575 1722 628 illa
1737 576 1949 628 coelesti
1962 576 2312 641 sempiterna
2325 577 2473 638 luce,

277 664 412 713 quae
432 648 602 700 nobis
621 654 785 700 tanto
807 646 1045 712 affulget
1064 649 1268 711 purior
1283 653 1337 699 et
1351 647 1603 708 nitidior,
1626 662 1745 711 quo
1762 647 2003 700 Coelum
2019 647 2278 700 nostrum
2291 648 2474 713 splen-

277 721 371 771 det
386 719 616 771 clariuS.
638 719 780 770 Inde
796 721 973 770 etiam
988 719 1091 769 esse
1106 718 1319 779 iudic0,
1341 718 1619 782 quicquid
1633 717 2004 771 tenebrosum
2017 721 2080 770 in
2094 717 2302 771 odtavo
2317 719 2474 781 orbe,
2524 737 2547 771 5

276 790 452 843 noctu
471 790 805 855 praesertim,
829 790 1002 842 Coelo
1023 789 1357 853 limpidiore
1375 792 1645 841 cernitur.
1667 790 1794 842 Nec
1807 790 1998 850 video,
2021 806 2169 855 quas
2184 790 2331 843 alias
2345 790 2475 842 Phi-

276 861 503 926 losophi
537 861 738 913 causas
771 860 1030 925 proferre
1062 861 1279 925 possint,
1316 863 1666 926 neutiquam
1699 863 1859 912 enim
1889 861 2197 922 sufficiunt,
2235 877 2370 926 quae
2402 861 2476 914 ab

277 933 534 985 aetherea
560 932 690 984 luce
712 939 906 984 creata
931 935 1085 984 intra
1106 932 1347 984 Coelum
1370 938 1663 996 petuntur,
1690 938 1754 984 ut
1779 935 2038 984 maxime
2060 933 2478 985 constituantur

276 1008 339 1056 in
370 1004 544 1056 Coelo
575 1004 744 1056 orbes
773 1003 955 1063 solidi,
990 1006 1259 1064 concreti,
1292 1002 1586 1067 pellucidi‚
1621 1019 1770 1068 quos
1802 1005 2044 1056 immissa
2077 1010 2131 1056 et
2162 1001 2344 1056 fracta
2374 1004 2478 1056 lux

276 1076 664 1128 luminarium
678 1081 732 1126 et
745 1075 1040 1127 stellarum
1059 1074 1163 1126 suo
1183 1074 1488 1139 splendore
1508 1074 1765 1126 imbutos
1787 1075 2040 1127 caeruleo
2063 1075 2259 1127 colore
2278 1078 2476 1140 tingat,
2531 1093 2573 1128 ιο

276 1147 415 1198 ficut
440 1146 612 1211 sparsi
636 1161 741 1210 per
766 1162 972 1210 aequor
998 1146 1143 1211 radij
1168 1145 1320 1198 Solis
1340 1148 1603 1198 marinas
1624 1162 1827 1210 aquaS.
1856 1147 2031 1198 Unde
2058 1149 2165 1198 erit
2191 1148 2351 1198 enim
2376 1146 2479 1198 illa

278 1217 551 1270 umbrosa
575 1218 967 1278 tenebrofitaS‚
995 1233 1130 1282 quae
1156 1217 1330 1281 supra
1356 1215 1629 1269 octavum
1651 1217 1854 1269 orbem
1879 1217 2007 1270 sistit
2033 1233 2102 1269 ac
2126 1217 2254 1269 finit
2273 1217 2477 1278 visum,

279 1305 349 1341 eo
370 1289 551 1354 usque
572 1292 776 1354 pervio
798 1295 852 1341 et
872 1289 1163 1353 nusquam
1184 1289 1465 1353 impedito
1487 1288 1747 1350 excursU,
1777 1288 1951 1341 Coelo
1974 1305 2142 1354 purO,
2169 1295 2478 1353 penetran-

277 1359 431 1412 tem?
460 1361 636 1412 Viam
665 1359 913 1413 lacteam
942 1367 1142 1412 autem
1173 1362 1422 1425 conijcio
1454 1361 1557 1411 esse
1586 1362 1838 1412 rariores
1867 1367 2062 1425 partes
2086 1360 2187 1412 seu
2212 1360 2478 1421 nubium,

277 1432 377 1484 seu
405 1447 699 1496 aquarum
730 1431 1064 1492 coelestium,
1094 1431 1194 1483 seu
1223 1431 1657 1496 repagulorum,
1688 1431 1784 1483 vel
1812 1431 2030 1483 horum
2058 1434 2345 1491 omnium,
2375 1446 2479 1496 per
2532 1448 2574 1483 ιε

279 1519 427 1567 quas
454 1503 789 1567 supernum,
820 1505 1147 1555 increatum
1176 1508 1230 1554 et
1256 1509 1546 1554 aeternum
1571 1503 1776 1554 lumen
1803 1509 2069 1567 penetrat
2098 1509 2200 1555 aut
2227 1502 2480 1567 pellucet

278 1575 510 1626 radiatu
525 1574 868 1635 evidentiuS,
889 1590 1069 1638 quam
1084 1576 1147 1625 in
1162 1573 1522 1626 denfioribus
1537 1580 1592 1625 et
1607 1573 2051 1626 obscurioribus
2074 1574 2201 1626 Nec
2216 1575 2481 1626 assentior

278 1645 769 1710 Philosophorum
788 1645 1044 1710 somnijS,
1071 1641 1091 1713 ΙΙ
1115 1648 1217 1709 qui
1239 1644 1404 1696 illam
1427 1644 1655 1710 fingunt
1676 1646 1779 1696 esse
1800 1645 2106 1698 confusum
2127 1644 2610 1698 confertum-165v

280 1732 394 1781 que
414 1717 619 1769 lumen
638 1716 960 1768 multarum
982 1724 1035 1768 et
1054 1732 1374 1781 parvarum
1394 1715 1704 1777 stellarum,
1733 1732 1881 1781 quas
1904 1723 2140 1781 propter
2161 1716 2480 1769 exilitatem

278 1785 610 1852 prospeclus
631 1787 941 1839 oculorum
962 1787 1236 1852 consequi
1257 1803 1326 1839 ac
1346 1787 1668 1839 discernere
1689 1794 1967 1852 nequeat;
1987 1788 2149 1840 malo
2167 1791 2327 1840 enim
2344 1803 2481 1839 cum
2530 1805 2576 1840 20

279 1860 577 1927 Scriptura
604 1865 658 1910 et
685 1875 757 1910 ex
783 1859 896 1911 hac
922 1859 1044 1923 ipsa
1069 1858 1487 1923 philosophari,
1519 1874 1701 1923 quam
1728 1874 1863 1910 cum
1889 1859 2255 1924 Philosophis
2282 1874 2481 1911 rerum

280 1931 616 1982 divinarum
642 1933 925 1994 imperitis
954 1930 1109 1982 hanc
1137 1936 1341 1982 contra
1365 1932 1574 1994 nugari
1603 1929 1688 1994 (in
1714 1932 1785 1995 ijs
1811 1930 2146 1995 praesertim,
2175 1932 2238 1982 in
2269 1930 2482 1995 quibus

280 2008 381 2053 aut
406 2001 634 2053 haerent
659 2001 852 2066 plane,
881 2008 982 2053 aut
1007 2003 1240 2066 penitus
1262 2000 1597 2064 caecutiunt)
1626 2007 1727 2052 aut
1748 2001 2107 2053 comminisci
2128 2008 2183 2054 et
2203 2002 2481 2054 assumere

278 2088 386 2137 pro
408 2075 576 2124 certis
596 2088 664 2124 ac
684 2075 838 2124 veris
858 2071 1208 2138 hypotheses
1228 2074 1459 2124 veritati
1480 2071 1692 2124 coelesti
1713 2073 2000 2134 adversaS,
2028 2073 2188 2137 quod
2209 2072 2481 2138 exemplo

278 2151 544 2195 veterum
566 2143 1067 2196 COPERNICUS
1093 2143 1226 2195 fecit
1251 2146 1314 2195 in
1339 2143 1664 2195 mobilitate
1684 2142 1901 2196 Terrae.
1929 2144 2169 2208 Propter
2194 2143 2304 2196 has
2331 2146 2481 2209 cogi·
2530 2162 2577 2196 25

278 2218 528 2267 tationes
556 2230 628 2266 ex
654 2215 769 2267 Dei
795 2215 976 2267 verbo
1005 2217 1068 2266 in
1096 2214 1278 2266 literis
1304 2215 1379 2267 ad
1404 2214 1642 2280 magnif.
1678 2215 2010 2274 Dominum
2040 2215 2481 2268 HENRICUM

280 2286 771 2339 RANZOVIUM
799 2289 961 2338 movi
984 2285 1231 2338 dubium
1251 2285 1397 2338 illud
1417 2289 1480 2337 in
1499 2285 1915 2352 hypothesibus
1934 2290 2049 2339 tuis
2070 2287 2141 2339 de
2163 2286 2298 2338 coeli
2317 2286 2481 2338 vasti-

278 2364 412 2417 tate,
434 2373 557 2409 non
578 2358 737 2422 quod
757 2358 871 2410 hoc
892 2358 1142 2410 alicuius
1162 2360 1449 2409 momenti
1470 2358 1572 2409 esse
1594 2358 1903 2418 censerem,
1926 2364 2028 2410 aut
2049 2358 2209 2423 quod
2228 2357 2343 2409 hoc
2359 2373 2483 2410 non

280 2428 722 2490 considerarem,
750 2429 822 2481 de
850 2445 969 2493 quo
995 2444 1091 2480 me
1118 2429 1421 2490 admoneS,
1448 2428 1544 2481 sed
1570 2435 1634 2480 ut
1660 2429 2036 2490 ostenderem,
2064 2445 2160 2481 me
2182 2429 2253 2481 de
2275 2427 2482 2481 octavo

280 2500 419 2552 orbe
447 2506 501 2551 et
529 2503 803 2565 contigua
827 2500 958 2552 sede
985 2516 1121 2552 cum
1149 2500 1263 2552 hoc
1289 2500 1668 2552 Planetarum
1694 2500 1918 2565 aliquid
1944 2517 1981 2553 a
2006 2499 2373 2565 Philosophis
2399 2500 2481 2552 di·
2530 2517 2578 2552 30

279 2571 508 2624 versum
530 2574 807 2636 reperire;
829 2588 954 2624 non
972 2574 1264 2637 imaginor
1285 2574 1444 2623 enim
1465 2571 1739 2624 octavum
1760 2571 1965 2623 orbem
1978 2588 2168 2624 unum
2183 2571 2484 2636 quendam

280 2659 493 2695 cavum
520 2643 724 2694 orbem
752 2644 871 2703 esse,
903 2646 1069 2695 cuius
1095 2642 1420 2708 superficiei
1449 2645 1776 2695 inerrantes
1801 2643 1978 2695 stellae
2007 2643 2209 2695 infixae
2234 2642 2357 2704 fint,
2387 2642 2483 2695 sed

279 2713 389 2766 has
418 2715 692 2766 mirando
722 2714 959 2766 confilio
987 2721 1041 2766 et
1067 2714 1449 2766 inenarrabili
1477 2713 1761 2779 sapientia
1789 2714 1992 2766 divina
2016 2730 2121 2779 per
2145 2714 2484 2779 supremum

280 2785 646 2850 nubibusque
674 2792 728 2837 et
755 2788 926 2850 aquis
953 2785 1277 2838 coelestibus
1302 2788 1658 2850 proximum,
1686 2786 1943 2838 latissime
1969 2792 2176 2850 patens
2201 2791 2402 2837 tamen
2428 2791 2482 2836 et

279 2856 571 2920 profunde
590 2857 646 2908 se
667 2857 976 2909 demittens
996 2857 1246 2922 spatium
1268 2872 1338 2908 eo
1360 2857 1566 2908 ordine
1586 2856 1816 2908 sedibus
1842 2860 2009 2909 certis
2035 2856 2279 2921 fixisque
2306 2856 2480 2908 distri-
2530 2873 2577 2908 35

279 2928 449 2979 butas
478 2929 597 2989 esse,
627 2943 745 2992 quo
774 2928 1071 2980 consistere
1092 2934 1148 2980 et
1167 2927 1526 2980 circumferri
1552 2943 1676 2980 uno
1702 2931 1942 2992 impetu,
1970 2931 2121 2980 inter
2140 2927 2195 2979 se
2218 2930 2481 2979 immotae

281 2998 620 3059 intervalliS,
642 3006 978 3060 cernuntur,
1000 3015 1125 3051 non
1146 3000 1356 3051 eodem
1375 2999 1562 3064 pofitu
1576 3006 1777 3051 tamen
1790 2999 2044 3063 supremi
2059 2998 2194 3051 coeli
2207 2996 2480 3063 respectu,

282 3084 390 3120 nec
418 3070 625 3121 eadem
645 3086 682 3122 a
701 3073 867 3122 terris
894 3071 1182 3131 distantia;
1211 3071 1370 3135 quod
1395 3077 1584 3122 totum
1604 3070 1853 3135 spatium
1873 3086 1980 3135 pro
2002 3069 2208 3123 octavo
2229 3069 2368 3122 orbe
2390 3069 2480 3122 est.

283 3140 431 3200 Sci0,
460 3141 619 3204 quod
640 3140 755 3206 obij
764 3144 915 3194 cient
934 3141 1293 3206 Philosophi:
1323 3141 1385 3194 Si
1405 3142 1574 3193 orbes
1595 3157 1719 3194 non
1738 3141 1883 3202 sunt,
1910 3141 1951 3193 fi
1976 3141 2151 3193 stellae
2177 3147 2370 3206 partes
2391 3155 2480 3192 or-

281 3210 446 3262 bium
472 3227 596 3262 non
622 3211 766 3274 sunt,
794 3213 952 3265 unde
978 3213 1318 3277 pendebunt
1342 3215 1405 3264 in
1431 3213 1534 3265 sua
1559 3215 1815 3278 regione,
1843 3219 1899 3264 et
1924 3228 2044 3276 qua
2065 3215 2140 3272 vi,
2169 3227 2289 3276 quo
2315 3217 2481 3263 motu
2530 3227 2577 3262 40

283 3282 829 3335 circumvehentur‘?
851 3284 1215 3348 Respondeo:
1238 3284 1299 3336 Si
1313 3283 1856 3344 ARISTOTELES,
1873 3286 1974 3348 qui
1989 3283 2227 3335 orbibus
2242 3298 2341 3335 eas
2355 3281 2480 3335 affi-

283 3355 361 3417 git
382 3359 435 3404 et
457 3354 850 3414 circumducit,
878 3354 1054 3417 νόους
1073 3355 1187 3406 illis
1208 3361 1408 3406 tamen
1427 3354 1527 3406 seu
1546 3355 1957 3420 intelligentias
1978 3354 2217 3419 affingit,
2246 3370 2349 3406 cur
2371 3368 2481 3475 udos

2329 3439 2391 3475 re
2448 3439 2480 3475 e
