2664 4030
284 308 588 363 TYCHO
614 309 737 362 AD
764 309 1252 363 HENRICUM
1279 308 1817 363 RANZOVIUM
1844 309 1877 363 8
1904 311 2077 363 IAN.
2106 310 2249 364 1585
2323 309 2392 364 89

191 467 342 517 gere.
363 451 496 504 Tua
515 454 676 505 enim
694 452 973 505 industria
992 468 1129 505 cum
1150 451 1373 505 habeas
1393 452 1774 505 instrumenta
1794 453 2070 518 exquifite
2091 453 2393 506 elaborata

194 530 248 575 et
264 523 468 576 utendi
484 526 635 576 ratio
652 526 871 588 optime
887 523 991 576 tibi
1008 523 1236 585 constet,
1256 539 1381 576 non
1400 523 1619 585 dubito,
1639 523 1742 576 tibi
1759 524 1882 576 dies
1898 530 1953 576 et
1965 524 2251 577 horarum
2267 541 2391 577 mo-

191 600 408 656 menta,
428 597 492 646 in
512 610 648 659 quae
668 595 948 655 incidunt,
970 594 1244 648 constare.
1267 595 1428 647 Bene
1444 594 1595 656 vale,
1616 596 1892 648 carissime
1905 595 2202 658 TYCHO,
2226 603 2281 648 et
2296 612 2392 648 me

190 672 400 718 mutuo
421 681 624 718 amore
644 665 1010 731 prosequere.
1032 666 1317 733 Rostochij
1341 666 1414 719 10.
1436 665 1717 719 Decemb.
1738 666 1883 719 1584.

120 819 178 863 5-1·
194 815 242 861 [Ε
262 815 407 854 codice
426 817 748 854 Vindobonensi
767 818 835 854 lat.
855 817 986 863 97371]

89 932 147 974 5ν
195 903 804 980 GENEROSO
833 906 974 978 ET
1000 906 1663 981 MAGNIFICO
1686 907 1951 981 VIRO
1984 907 2085 981 D.
2112 907 2393 981 HEN-

256 1008 444 1062 RICo
471 1009 905 1070 RANZOVIO,
934 1010 1199 1063 REGIAE
1226 1010 1681 1063 MAIESTATIS
1708 1011 1993 1063 DANIAE
2019 1011 2106 1063 IN
2132 1011 2326 1063 HOL-

389 1091 619 1145 SATIA
646 1092 746 1144 ET
770 1092 1173 1146 sLESVICIA
1198 1093 1527 1146 VICARIO
1556 1092 1654 1145 ET
1680 1093 2192 1147 CONSILIARIO

474 1175 1138 1236 PRUDENTISSIMO,
1169 1175 1600 1229 PRAEFECTo
1626 1176 1857 1229 ARcls
1883 1176 2108 1230 SEGE-

100 1276 142 1311 10
653 1258 959 1320 BERGAE,
986 1258 1086 1311 ET
1110 1258 1448 1312 DOMINO
1475 1259 1563 1311 IN
1590 1259 1934 1311 BREDEN-

920 1341 1189 1394 BERGA
1213 1341 1484 1395 AMICO
1512 1342 1670 1395 SUO

1019 1424 1567 1478 OBSERVANDO.

88 1507 142 1550 4¹·
278 1572 300 1574 Η
319 1572 374 1575 Π-
1265 1505 1314 1549 S.

351 1617 368 1631 -
462 1613 501 1642 ..-
659 1590 1102 1644 OBILISSIME
1111 1597 1166 1643 et
1175 1591 1556 1643 Eruditissime
1565 1591 1826 1643 Domine
1835 1591 2194 1644 HENRICE
2203 1592 2392 1644 RAN-

200 1718 202 1730 ,
243 1686 253 1699 κ
298 1670 309 1683 ’
393 1665 400 1689 ”
450 1652 534 1723 *¹52
657 1662 889 1723 ZOWI,
916 1662 1024 1714 fuit
1050 1661 1203 1714 hisce
1230 1663 1436 1715 diebus
1463 1663 1623 1728 apud
1649 1678 1744 1714 me
1767 1662 1925 1715 filius
1945 1669 2082 1715 tuus
2103 1663 2392 1716 GERAR-

200 1726 259 1748 '
281 1740 303 1784 ἓ
333 1785 355 1799 ,
468 1752 541 1800 ’ἢ
581 1740 605 1791 r*
658 1734 818 1787 DUS
833 1733 1207 1795 RANZOW,
1223 1734 1439 1786 Praeses
1453 1737 1603 1786 arcis
1617 1734 2394 1800 KroneburgenHS,Amicus

282 1808 308 1831 ³
656 1821 825 1857 meus
836 1805 1140 1871 singularis
1153 1812 1207 1857 et
1217 1808 1447 1857 vicinus
1460 1806 1931 1870 exoptatissimus;
1945 1821 2199 1870 cumque
2210 1808 2259 1858 is
2270 1822 2393 1871 prae

287 1912 313 1930 o
359 1928 371 1950 χ
410 1894 456 1941 ,y
476 1919 478 1922 .
494 1918 499 1921 .
569 1873 617 1939 {L-
656 1879 861 1929 ceteris
875 1876 1051 1929 nostri
1062 1879 1178 1929 aevi
1189 1877 1503 1929 Nobilibus
1516 1876 1835 1929 Iuvenibus
1847 1893 1971 1929 non
1981 1877 2183 1929 saltem
2194 1893 2394 1929 rerum

332 1948 351 1965 ⁸
402 1945 433 1979 ⁴²
459 1966 486 1975 ·’
510 1976 542 1985 >s
554 1944 585 1998 ξ
606 1977 609 1979 >
656 1947 1111 2000 Mundanarum
1123 1948 1432 2013 multiplici
1444 1955 1499 2000 et
1509 1948 1625 2000 late
1638 1948 1878 2013 quaefita
1890 1948 2281 2013 Experientia,
2296 1948 2392 2000 sed

94 2036 140 2071 20
190 1992 368 2072 etiam
387 2018 631 2086 Ingenio
653 2026 707 2072 et
727 2019 951 2072 Iudicio
970 2022 1381 2085 praeeminenti
1400 2020 1614 2080 valeat,
1635 2018 2019 2084 Moribusque
2040 2019 2274 2084 insuper
2293 2020 2391 2072 ad-

187 2090 435 2143 modum
447 2091 701 2144 laudatis
715 2091 996 2156 praeditus
1010 2090 1089 2151 fit,
1109 2090 1286 2156 ipfius
1302 2060 1742 2143 conversatione
1756 2090 2080 2155 plurimum
2094 2090 2393 2143 afficiebar

189 2164 361 2227 eique
387 2169 515 2215 tum
533 2165 730 2215 varias
755 2162 1130 2215 observandis
1154 2161 1434 2214 sideribus
1460 2177 1497 2214 a
1522 2177 1618 2213 me
1644 2164 1866 2227 ingenti
1891 2161 2093 2214 labore
2121 2168 2175 2214 et
2199 2161 2393 2214 sumtu

189 2232 539 2286 constructas
553 2233 890 2295 MachinaS‚
905 2240 1033 2285 tum
1047 2235 1225 2285 etiam
1236 2233 1609 2298 Pyronomici
1621 2235 1875 2299 exercitij
1892 2232 2116 2285 diversa
2126 2232 2394 2286 Artificia

188 2304 398 2357 lubens
414 2305 656 2365 ostendi;
677 2307 828 2357 inter
842 2304 963 2357 alia
975 2319 1118 2356 vero
1133 2319 1269 2356 cum
1282 2306 1345 2355 in
1358 2303 1839 2369 Typographiam
1852 2319 2067 2366 meam,
2084 2320 2266 2369 quam
2279 2303 2392 2356 hac

94 2393 141 2428 2⁵
190 2375 381 2428 aestate
401 2379 697 2440 praeterita
715 2378 914 2441 parari
934 2378 1153 2436 curavi,
1173 2374 1343 2427 illum
1360 2375 1727 2435 deducerem,
1742 2382 1806 2427 ut
1819 2375 2018 2441 Typos
2033 2382 2088 2428 et
2100 2378 2392 2428 rationem

189 2446 444 2500 nostram
469 2447 1000 2512 imprimendarum
1020 2446 1359 2499 chartarum
1383 2446 1744 2512 perspiceret,
1772 2447 2118 2512 conquestus
2137 2447 2264 2499 sum
2290 2447 2391 2508 illi,

188 2533 482 2585 papyrum
507 2519 925 2585 impressoriam
950 2517 1099 2570 mihi
1118 2533 1226 2583 pro
1246 2517 1523 2570 absolutis
1542 2517 1842 2570 laboribus
1863 2518 2105 2570 edendis
2126 2517 2390 2579 deficere,

190 2596 245 2642 et
271 2590 550 2656 hyemem
576 2589 871 2643 obstaculo
898 2590 1019 2651 esse,
1047 2591 1367 2654 quominus
1394 2605 1528 2641 eam
1554 2605 1714 2641 nunc
1739 2589 1873 2641 satis
1894 2596 2225 2654 opportune
2245 2605 2390 2642 nan·

111 2666 141 2709 †
190 2661 318 2713 cisci
345 2677 585 2726 queam;
613 2661 764 2714 adeo
790 2668 855 2713 ut
879 2677 955 2713 ne
981 2676 1089 2726 pro
1117 2661 1379 2725 quodam
1400 2663 1612 2726 exiguo
1632 2660 1812 2712 huius
1831 2660 2092 2713 inchoati
2112 2663 2256 2712 anni
2278 2661 2390 2713 Ca-

94 2749 141 2785 30
188 2732 456 2785 lendario
467 2732 828 2798 Astrologico
842 2732 1237 2797 imprimendo
1250 2731 1400 2783 mihi
1410 2731 1613 2784 charta
1623 2731 1902 2797 suppetat,
1913 2731 2009 2783 vel
2020 2731 2236 2783 alicubi
2246 2731 2391 2784 iusto

188 2807 375 2868 pretio
395 2803 492 2856 hic
507 2807 569 2855 in
584 2804 786 2856 Dania
798 2803 1026 2856 venalis
1047 2802 1266 2863 existat;
1287 2803 1510 2855 nedum
1526 2809 1590 2854 ut
1607 2802 1738 2868 alijs
1755 2802 2079 2855 maioribus
2094 2819 2130 2855 a
2143 2818 2239 2855 me
2255 2818 2390 2855 con-

188 2873 349 2927 fectis
365 2874 675 2940 OperibuS,
697 2890 833 2940 quae
853 2877 1180 2927 maximam
1193 2876 1402 2939 papyri
1415 2876 1648 2938 copiam
1661 2874 1967 2939 postulant,
1987 2873 2278 2926 sufficiens
2298 2890 2390 2926 ac—

190 2949 470 3011 quiratur.
499 2946 813 2999 Subiunxit
838 2949 1037 3011 itaque
1064 2945 1178 3005 ille,
1207 2951 1260 2997 te
1286 2945 1518 2997 Patrem
1543 2944 1718 3010 ipfius
1741 2945 2147 2998 molendinam
2172 2945 2390 2998 habere

189 3033 582 3083 papyraceam
597 3033 705 3070 nec
719 3017 1002 3078 dubitare,
1023 3016 1064 3068 fi
1077 3018 1389 3082 negocium
1402 3016 1516 3068 hoc
1530 3016 1632 3069 tibi
1647 3016 1943 3077 constaret,
1966 3019 2111 3081 quin
2124 3016 2392 3069 lubenter

94 3105 140 3140 35
188 3103 296 3152 pro
312 3088 671 3141 Calendario
685 3088 787 3141 isto
803 3087 1148 3141 excudendo
1162 3087 1309 3139 mihi
1322 3086 1704 3139 sufficientem
1718 3088 2014 3154 Papyrum
2030 3088 2391 3140 concessurus

189 3158 276 3218 fis,
307 3158 527 3223 suaque
553 3159 754 3224 sponte
783 3159 869 3224 (ut
895 3159 970 3211 est
996 3159 1239 3224 Ingenio
1267 3158 1439 3211 bonis
1466 3159 1771 3211 conatibus
1798 3159 2122 3211 admodum
2147 3159 2389 3222 faventi)

191 3229 414 3290 obtulit,
434 3229 491 3282 se
510 3230 613 3282 tibi
633 3230 747 3282 hoc
767 3233 1011 3282 nomine
1031 3229 1393 3294 scripturum,
1415 3230 1574 3294 quod
1589 3236 1643 3282 et
1656 3229 1843 3282 statim
1862 3230 1959 3283 hic
1975 3230 2230 3294 praesens
2243 3246 2390 3314 prae-

88 3310 147 3352 4
190 3300 341 3361 stitit;
362 3300 672 3366 literasque
692 3301 794 3353 tibi
814 3297 836 3370 ΙΙ
855 3300 1325 3354 transmittendas
1343 3301 1594 3362 tradidit,
1616 3317 1764 3366 quas
1783 3317 1943 3354 nunc
1962 3317 2067 3366 per
2085 3305 2391 3366 proprium

190 3374 483 3432 nuntium,
506 3388 695 3424 unum
710 3388 783 3424 ex
797 3375 943 3425 meis
957 3371 1361 3433 familiaribuS,
1384 3342 1840 3425 IOHA'NNEM
1855 3367 2267 3425 BERNSSON
2288 3388 2390 3423 no-

337 3455 378 3488 12
2231 3446 2389 3494 mine
