2632 4022
101 1100 144 1136 lo

100 1458 142 1494 1⁵

96 2175 143 2209 25

96 2532 143 2567 30

98 2888 144 2924 35

191 295 497 350 TYCHO
524 295 646 348 AD
674 294 1158 349 HENRICUM
1186 294 1721 347 RANZOVIUM
1747 294 1810 346 21
1837 293 2027 346 DEC.
2056 294 2202 347 1588
2293 294 2397 347 387

190 438 340 493 81111
369 444 707 505 pergratum
739 438 830 491 est.
865 437 1144 503 Reliquos
1175 443 1291 490 tres
1322 443 1516 490 tomos
1548 436 1705 490 istius
1735 439 1929 502 operis
1961 437 2231 489 nondum
2259 438 2397 497 vidi,

191 526 386 576 neque
407 512 568 567 enim
589 510 750 576 quod
768 509 946 563 sciam
965 509 1315 575 Bibliopolae
1339 508 1514 562 nostri
1535 524 1636 561 eos
1661 507 1947 562 hactenus
1973 508 2308 561 attulerunt.
2337 508 2398 561 Si

191 582 474 639 constaret
501 581 667 643 mihi,
697 582 800 635 ubi
824 581 1067 634 venales
1095 580 1303 642 forent,
1335 587 1390 633 et
1419 596 1522 633 eos
1551 583 1900 642 coemerem,
1929 596 2111 645 quam
2139 583 2398 645 primum

190 669 333 707 vero
352 669 458 720 per
477 656 666 706 otium
684 653 928 713 licuerit,
950 653 1088 706 data
1107 652 1524 705 commoditate
1545 651 1647 717 ipfi
1667 652 2031 704 BRAUNIO
2052 652 2314 704 scribam.

262 725 630 790 Sculptorem
649 724 764 777 five
784 723 1092 777 incisorem
1111 724 1309 784 talem,
1336 726 1439 788 qui
1464 726 1528 776 in
1553 738 1672 776 816
1688 723 1783 775 vel
1800 726 1978 775 etiam
2000 723 2160 775 buxo
2180 723 2398 789 figuras

191 796 496 863 diligenter
509 796 586 849 ad
598 796 1028 861 impressionem
1041 795 1334 848 adornare
1348 797 1520 855 norit,
1535 795 1861 847 admodum
1876 801 2226 860 expeterem.
2241 795 2398 848 Con-

189 868 341 922 stitui
366 870 527 921 enim
551 870 745 933 primo
772 882 1011 932 quoque
1036 873 1302 932 tempore
1328 869 1533 919 omnia
1559 866 1940 919 instrumenta
1965 882 2100 919 mea
2123 866 2397 918 Astrono-

189 942 347 993 mica
377 945 776 1005 competenter
806 939 1103 992 delineata
1134 940 1259 990 una
1289 954 1427 991 cum
1458 937 1854 990 declaratione
1885 937 2124 990 fabricae
2158 944 2213 990 et
2245 938 2398 998 usuS,

190 1011 403 1065 additis
422 1010 772 1076 quibusdam
793 1013 971 1063 etiam
991 1010 1124 1076 alijs
1143 1009 1261 1062 huc
1279 1009 1722 1074 pertinentibus,
1745 1012 1807 1061 in
1826 1011 2018 1074 primo
2035 1009 2185 1061 libro
2205 1012 2399 1074 operis

190 1082 583 1136 Astronomiae
603 1081 1039 1135 instaurationis
1060 1081 1618 1147 comprehendenda
1637 1080 1954 1146 publicare.
1983 1081 2042 1133 Si
2069 1084 2268 1145 itaque
2295 1080 2398 1132 ali-

190 1169 370 1220 quem
396 1153 749 1207 eiuscemodi
774 1152 1078 1214 artificem,
1108 1156 1211 1219 qui
1238 1151 1489 1219 perfecie
1514 1152 1645 1205 1186
1671 1152 1794 1217 11113
1819 1151 2096 1217 effingere
2124 1159 2179 1204 et
2203 1152 2400 1217 postea

189 1225 286 1279 vel
314 1241 498 1291 cupro
527 1232 632 1279 aut
658 1226 819 1279 buxo
849 1225 1106 1278 incidere
1134 1227 1306 1286 norit,
1335 1230 1440 1277 tuo
1467 1223 1706 1276 confilio
1733 1231 1788 1276 et
1814 1225 2041 1276 auxilio
2069 1224 2398 1285 obtinuer0‚

190 1297 342 1350 nihil
371 1297 522 1352 mihi
553 1299 849 1363 acceptius
881 1299 1119 1349 evenire
1150 1299 1376 1362 poterit.
1418 1295 1760 1348 Mercedem
1792 1298 1847 1347 ei
1878 1295 2126 1347 libenter
2157 1295 2398 1356 solvam,

190 1375 479 1435 quantam
498 1368 640 1422 alibi
658 1371 984 1434 promereri
1002 1370 1230 1434 poterit,
1253 1373 1309 1420 et
1327 1383 1431 1433 per
1451 1373 1637 1419 totam
1656 1367 1928 1427 aestatem,
1956 1367 2116 1432 quod
2137 1373 2285 1432 agat,
2312 1367 2400 1419 illi

189 1447 612 1507 procuraturus
630 1440 774 1493 sum.

261 1512 461 1566 Fecisti
479 1515 543 1565 in
563 1511 860 1577 aliquibus
876 1514 1055 1564 etiam
1067 1525 1260 1575 nuper
1274 1510 1350 1564 ad
1363 1525 1460 1562 me
1477 1510 1626 1562 datis
1639 1509 1820 1562 literis
1834 1512 2200 1561 mentionem
2216 1509 2399 1561 cuius-

190 1584 329 1638 dam
344 1583 666 1637 Dithmarfi
679 1585 924 1636 nomine
939 1589 995 1636 et
1008 1598 1071 1635 re
1086 1581 1283 1637 Urfini
1297 1583 1539 1646 unaque
1552 1581 1744 1633 mifisti
1758 1579 2083 1634 extractum
2096 1581 2401 1633 literarum

191 1655 476 1710 clarissimi
497 1661 552 1708 et
571 1653 866 1708 doclissimi
882 1655 957 1707 D.
974 1653 1309 1716 GEORGIJ
1324 1652 1883 1715 ROLLENHAGIJ
1905 1652 2075 1704 fimul
2095 1668 2231 1704 6118
2251 1652 2400 1704 111110

191 1727 348 1780 istius
367 1727 727 1793 impudentis
746 1726 1037 1792 PlagiariJ,
1066 1741 1246 1791 quem
1264 1732 1467 1778 tamen
1487 1731 1664 1777 antea
1684 1724 1925 1777 aliunde
1946 1724 2291 1776 habueram.
2321 1725 2402 1776 Ut

189 1814 333 1852 vero
358 1804 482 1855 tam
507 1805 572 1852 tu
598 1814 782 1863 quam
802 1796 1438 1851 ROLLENHAGIUS
1458 1794 1611 1849 redte
1630 1796 2002 1862 suspicamini
2025 1795 2190 1847 istum
2216 1795 2400 1861 hypo-

189 1869 439 1924 thefium
458 1872 925 1930 innovationem,
947 1885 1130 1935 quam
1146 1868 1248 1921 fibi
1267 1868 1664 1921 inverecunde
1685 1868 1962 1928 attribuit,
1983 1884 2020 1920 a
2039 1883 2135 1919 me
2155 1866 2401 1919 suffura-

189 1949 317 1995 tum
338 1943 459 2002 esse,
480 1942 540 1994 id
559 1944 642 1994 ita
660 1957 870 1994 revera
887 1941 944 1993 se
963 1940 1164 1993 habet:
1186 1940 1348 1993 Nam
1367 1939 1502 1992 licet
1520 1942 1570 1992 is
1590 1955 1903 2004 nunquam
1916 1938 2065 1991 mihi
2079 1939 2401 1991 inservierit

188 2013 286 2067 vel
313 2013 662 2068 domesticus
688 2012 879 2073 fuerit,
909 2018 974 2064 ut
998 2028 1106 2064 vos
1134 2011 1283 2064 forte
1313 2011 1665 2072 existimatiS,
1694 2018 1897 2063 tamen
1926 2026 2062 2063 cum
2091 2017 2225 2062 ante
2258 2026 2400 2075 qua-

191 2085 530 2138 driennium
564 2088 687 2139 iam
721 2084 984 2149 elapsum
1017 2099 1153 2136 6118
1187 2083 1535 2135 nobilissimo
1568 2090 1624 2135 et
1656 2081 1968 2135 doc'tissimo
2000 2085 2129 2134 viro
2162 2082 2399 2134 ERICO

191 2156 508 2211 LANGIO
536 2157 608 2209 de
634 2155 1046 2222 Engefflhom‚
1076 2154 1180 2207 tibi
1204 2154 1355 2207 bene
1383 2157 1631 2220 cognit0‚
1663 2156 1758 2206 6111
1782 2160 1922 2206 tunc
1951 2153 2314 2214 inserviebat,
2345 2153 2400 2204 14

191 2230 415 2284 circiter
441 2228 566 2281 dies
591 2227 690 2280 1116
715 2227 911 2287 fuisset,
940 2230 1166 2279 interea
1191 2226 1334 2279 dum
1362 2242 1469 2291 ego
1497 2241 1633 2278 cum
1653 2225 1892 2278 ERICO
1913 2228 2107 2277 38160
2133 2241 2270 2277 860
2294 2224 2400 2276 fin-

189 2299 381 2365 gulari
401 2306 456 2352 et
476 2298 826 2365 quibusdam
845 2299 978 2365 alijs
998 2300 1123 2351 una
1147 2297 1243 2350 hic
1268 2298 1651 2363 praesentibus
1677 2297 1973 2349 nobilibus
1996 2296 2244 2348 hilarius
2265 2311 2401 2348 con-

189 2371 403 2432 versor,
429 2371 527 2424 iste
552 2370 867 2424 suffurator
890 2369 1040 2424 mihi
1065 2369 1325 2435 plurima
1350 2385 1423 2422 ex
1448 2371 1536 2435 iJ'S‚
1565 2385 1700 2434 quae
1726 2384 1946 2434 magno
1972 2367 2175 2420 labore
2197 2374 2253 2419 et
2275 2367 2400 2419 dili-

190 2445 387 2509 gentia
412 2441 736 2508 conquisita
760 2441 962 2503 habui,
993 2441 1146 2494 clam
1173 2441 1459 2507 descripsit
1485 2447 1540 2493 et
1566 2441 2085 2493 instrumentorum
2111 2442 2399 2499 omnium,

192 2530 329 2580 quae
354 2520 494 2567 tunc
519 2516 583 2567 in
608 2521 887 2580 promptu
911 2520 1094 2574 erant,
1121 2512 1379 2565 formam
1398 2529 1467 2565 36
1487 2512 1918 2577 dispositionem
1939 2511 2256 2563 delineavit
2274 2510 2400 2575 plu-

191 2588 462 2651 rimaque
482 2585 617 2646 alia,
639 2601 776 2651 (1118
791 2587 1139 2651 conquirere
1153 2587 1359 2650 potuit,
1380 2584 1674 2644 subtraxit,
1695 2583 1954 2635 similans
1968 2590 2169 2634 tamen
2183 2582 2237 2634 se
2253 2581 2403 2633 nihil

191 2657 410 2710 horum
430 2673 619 2723 agere,
640 2660 764 2710 imo
783 2656 914 2710 1186
934 2672 1060 2709 non
1079 2671 1286 2709 curare
1307 2656 1548 2721 quidem
1564 2655 1660 2708 sed
1674 2654 1777 2707 vili
1796 2655 2070 2719 pendere,
2091 2653 2402 2718 Postquam

191 2735 393 2782 tamen
406 2728 563 2782 hanc
578 2731 705 2781 eius
718 2728 1023 2781 vafriciem
1036 2727 1418 2789 suboluissem,
1436 2727 1623 2780 alium
1637 2726 1938 2791 quendam
1951 2726 2283 2785 subornavi‚
2300 2727 2402 2789 qui

191 2815 473 2866 magnam
493 2815 703 2854 eorum
722 2806 967 2865 partem,
989 2814 1125 2864 quae
1146 2798 1472 2858 abstulerat,
1499 2800 1794 2863 reciperet,
1823 2813 1959 2862 quae
1981 2796 2176 2849 adhuc
2195 2795 2401 2860 praesto

192 2871 403 2928 habe0.
419 2871 609 2924 Video
623 2887 784 2925 nunc
797 2871 968 2924 illum
982 2871 1155 2936 plura
1169 2886 1353 2935 quam
1366 2871 1782 2935 recuperatam
1797 2868 2100 2934 defignasse
2114 2867 2210 2919 vel
2224 2870 2402 2919 etiam

192 2945 485 2998 memoria
498 2943 802 2996 retinuisse.
826 2943 988 2995 Nam
1001 2944 1309 2995 innovatio
1324 2941 1454 2995 haec
1467 2940 1878 3007 hypothefium
1893 2942 2120 2992 nemini
2135 2954 2403 3003 unquam

193 3020 329 3068 ante
349 3029 463 3075 me,
485 3014 646 3079 quod
665 3013 859 3075 sciam,
881 3016 944 3067 in
963 3019 1225 3066 mentem
1237 3015 1414 3074 venit,
1436 3012 1803 3065 occasionem
1815 3027 1957 3064 vero
1978 3011 2157 3063 huius
2177 3010 2402 3062 inventi

194 3101 268 3138 ex
296 3087 385 3151 ijs,
419 3101 556 3151 quae
585 3100 776 3150 nuper
804 3085 880 3138 ad
909 3085 985 3137 D.
1015 3084 1457 3138 PEUCERUM
1486 3083 1689 3148 scripfi,
1722 3083 1855 3135 satis
1887 3082 2189 3148 intelliges,
2224 3080 2402 3144 Quod

195 3163 397 3211 autem
415 3156 572 3212 hanc
591 3156 940 3223 hypothesin
958 3163 1099 3209 tunc
1118 3155 1266 3208 mihi
1284 3155 1640 3220 surripuerit,
1661 3154 1799 3207 hinc
1819 3155 1953 3207 satis
1971 3154 2270 3206 evidenter
2288 3152 2401 3204 601-

194 3228 335 3294 ligo:
357 3228 517 3281 Cum
533 3229 694 3280 enim
706 3225 985 3293 praedidto
1001 3227 1238 3280 ERICO
1254 3229 1447 3280 amico
1462 3242 1614 3287 me0,
1635 3226 1936 3279 sciscitanti
1951 3241 1988 3278 a
2000 3242 2096 3278 me
2111 3227 2403 3277 rationem

194 3299 536 3355 diverfitatis
550 3301 1032 3364 apparentiarum
1050 3305 1105 3351 et
1121 3298 1693 3364 retrogradationum
1710 3298 2105 3358 Planetarum,
2128 3311 2262 3349 eam
2281 3302 2403 3348 tam

194 3370 517 3426 secundum
528 3377 788 3424 veterem
802 3370 1223 3423 Ptolemaicam
1237 3385 1420 3435 quam
1431 3369 1877 3434 Copemianam
1891 3370 2403 3488 ratiocinationeff

338 3452 408 3488 ⁴9·
2318 3441 2337 3488 i
2383 3440 2402 3487 1
