2644 4030
116 1086 158 1121 10

114 1442 156 1476 15

99 1798 155 1833 20

90 2003 172 2048 36¹

107 2155 152 2189 25

106 2867 152 2902 35

246 285 549 339 TYCHO
571 286 693 338 AD
719 285 1261 340 THADDAEUM
1289 287 1774 341 HAGECIUM
1801 289 1834 340 3
1860 289 2061 343 AUG.
2090 291 2235 343 1590
2307 291 2411 344 267

208 435 405 480 motus
430 428 604 481 fuerit
629 435 900 481 accurate
927 429 1281 494 exploratuS‚
1307 432 1389 483 ita
1408 437 1473 483 ut
1492 446 1565 483 ex
1584 433 1854 496 portione
1875 431 2078 496 aliqua
2097 433 2168 485 de
2189 436 2412 499 integra

210 502 337 551 eius
357 500 726 553 revolutione
745 501 993 553 iudicari
1011 501 1186 565 possit,
1207 517 1332 554 non
1351 508 1552 554 tamen
1571 503 1631 554 id
1651 503 1909 564 concedi,
1933 510 1997 555 ut
2016 503 2154 566 hinc
2174 504 2246 556 de
2268 521 2410 569 quo-

209 573 434 622 rumvis
466 571 853 624 Cometarum
884 579 1051 624 motu
1082 573 1197 624 tale
1231 573 1372 637 quid
1404 573 1804 626 constituatur:
1837 575 1896 626 id
1927 590 2079 627 meae
2111 575 2410 628 sententiae

209 642 549 694 nullatenus
575 642 914 707 refragatur,
941 650 1005 695 ut
1031 659 1103 695 ex
1128 643 1306 696 semel
1326 651 1503 709 atque
1523 647 1737 697 iterum
1756 644 1920 698 dictis
1939 646 2072 698 satis
2091 646 2289 711 liquet.
2318 647 2411 700 Sic

208 728 403 777 neque
430 729 517 774 ea,
546 729 681 778 quae
708 714 780 766 de
805 713 976 765 stellis
999 713 1132 766 fixis
1158 715 1422 779 replicas,
1449 716 1597 768 mihi
1623 717 2018 770 adversantur.
2046 717 2224 781 Quod
2251 721 2410 770 enim

208 784 396 836 multo
422 791 478 836 et
502 784 680 850 longo
700 792 964 849 tempore
985 801 1022 837 a
1042 786 1276 838 diverfis
1296 786 1635 840 Artificibus
1662 790 1725 840 in
1750 788 1865 840 illis
1890 788 2205 853 praestitum
2233 789 2324 850 est,
2351 790 2410 842 id

207 858 412 920 paucis
438 855 644 907 diebus
666 858 730 907 in
753 855 1003 908 Cometa
1030 856 1233 921 aliquo
1260 857 1333 910 ab
1360 873 1484 909 uno
1511 865 1566 910 et
1592 859 1802 911 eodem
1828 859 2195 912 observatore
2220 861 2410 913 multo

208 929 386 978 etiam
412 929 624 978 certius
650 926 779 978 fieri
803 927 998 991 potest.
1029 927 1100 979 Et
1128 931 1357 980 utinam
1387 945 1474 990 ea,
1506 945 1641 994 quae
1668 931 1739 982 de
1768 930 2025 983 fixarum
2052 939 2220 984 motu
2248 932 2410 996 quafi

207 1012 312 1061 per
339 1013 554 1050 manus
584 997 658 1050 ab
683 997 1050 1049 Astronomis
1077 999 1290 1051 tradita
1317 999 1462 1061 sunt,
1493 1016 1617 1052 non
1645 1001 1778 1066 plus
1806 1002 2203 1067 perplexitatis
2233 1010 2409 1068 atque

206 1069 630 1121 incertitudinis
651 1069 804 1121 clam
823 1068 1124 1130 haberent,
1147 1085 1326 1133 quam
1349 1071 1562 1135 aliquis
1583 1087 1656 1123 ex
1675 1075 1747 1137 ijs
1768 1076 1869 1137 qui
1886 1089 1923 1125 a
1939 1073 2110 1126 nobis
2125 1073 2410 1126 observati

204 1139 351 1200 sunt,
380 1140 664 1193 Cometisl
693 1141 913 1205 Utique
939 1144 1265 1206 promptior
1291 1142 1418 1194 esset
1443 1143 1519 1194 ad
1546 1158 1752 1195 earum
1778 1145 2210 1209 inaequalitates
2237 1161 2408 1198 excu-

204 1211 415 1264 sandas
444 1214 611 1264 ratio.
642 1212 770 1264 Nec
800 1211 875 1264 est
903 1213 1136 1273 necesse,
1168 1212 1448 1265 Cometas
1476 1213 1701 1279 semper
1727 1215 1960 1267 eosdem
1986 1217 2089 1268 esse
2115 1223 2179 1268 ut
2204 1216 2408 1278 stellaS,

205 1282 311 1334 nifi
329 1283 531 1348 ijsdem
553 1285 731 1346 etiam
750 1283 974 1348 legibus
995 1299 1203 1336 omnes
1222 1283 1365 1350 subij
1373 1287 1424 1336 ci
1444 1284 1854 1347 affirmaretur,
1882 1288 2042 1351 quod
2061 1288 2353 1352 nusquam
2373 1304 2411 1340 a

205 1370 300 1406 me
329 1354 627 1418 prolatum
656 1354 746 1406 est.
778 1354 953 1407 Unde
983 1361 1038 1406 et
1066 1355 1297 1419 reliqua
1322 1355 1415 1408 his
1441 1355 1665 1417 similia,
1696 1372 1832 1421 quae
1858 1357 2229 1423 obiJ‘ciuntur‚
2260 1358 2410 1411 nihil

205 1424 487 1486 officiunt,
515 1432 578 1477 ut
603 1428 807 1478 mirari
826 1425 959 1478 satis
979 1441 1104 1478 non
1122 1427 1338 1491 possim‚
1366 1443 1486 1491 qua
1507 1427 1808 1480 occafione
1828 1444 1964 1480 mea
1982 1429 2197 1493 placita
2216 1433 2298 1482 ita
2317 1446 2409 1482 ac-

205 1499 403 1561 cipiaS,
425 1504 504 1557 ut,
525 1497 566 1548 fi
584 1496 784 1549 locum
803 1500 1017 1549 mereri
1038 1498 1304 1558 debeant,
1326 1506 1593 1563 oporteat
1611 1501 1804 1564 primo
1823 1500 2049 1560 docere,
2072 1516 2279 1553 omnes
2295 1501 2409 1554 Co-

203 1575 407 1628 metaS‚
429 1575 717 1633 quotquot
734 1567 1018 1621 hactenus
1033 1569 1458 1634 conspeximuS‚
1479 1570 1636 1622 fuisse
1651 1586 1842 1623 unum
1856 1578 1910 1623 et
1926 1572 2182 1624 eundem
2197 1572 2409 1625 Come-

203 1647 342 1699 tam,
370 1639 533 1704 quafi
557 1655 682 1691 non
707 1639 942 1705 lingulis
966 1656 1075 1705 pro
1102 1640 1222 1693 alia
1241 1647 1419 1705 atque
1439 1641 1575 1703 alia,
1603 1657 1784 1707 quam
1811 1642 2104 1704 exhibent,
2131 1646 2410 1696 motionis

203 1710 566 1771 habitudine,
587 1711 862 1763 dissimilis
883 1727 1121 1776 quoque
1142 1711 1532 1778 hypotheseos
1549 1716 1699 1766 ratio
1713 1713 1999 1779 praefiniri
2011 1716 2186 1778 possit.
2207 1715 2410 1767 Plures

204 1782 419 1834 dantur
434 1782 718 1843 Cometae,
733 1798 843 1835 nec
856 1799 1125 1847 unquam
1139 1783 1319 1849 ijdem
1333 1784 1596 1846 redeunt,
1612 1785 1838 1838 diversa
1850 1787 1914 1837 in
1927 1786 2080 1838 coelo
2094 1786 2411 1838 sortiuntur

203 1853 351 1913 loca,
377 1861 607 1906 motum
635 1857 812 1906 etiam
839 1854 1176 1907 dissimilem.
1205 1855 1365 1918 Quid
1390 1863 1518 1908 tum
1542 1855 1773 1921 postea?
1799 1857 2184 1910 Inveniantur
2209 1860 2409 1922 itaque

202 1940 310 1989 pro
335 1924 571 1990 singulis
592 1925 1106 1991 correspondentes
1126 1926 1492 1992 hypotheseS,
1521 1943 1656 1992 quae
1678 1930 1856 1980 etiam
1875 1931 2027 1980 inter
2045 1928 2101 1980 se
2121 1929 2409 1981 dissimiles

204 2005 391 2056 erunt,
411 1996 526 2048 hoc
545 1997 748 2049 saltem
767 1996 1052 2050 habentes
1073 2013 1406 2059 commune,
1425 1994 1446 2067 ΙΙ
1463 2006 1527 2050 ut
1540 1999 1711 2051 nobis
1726 2015 2020 2064 apparens
2033 2000 2407 2064 inaequalitas

201 2083 306 2132 per
326 2068 674 2120 circularem
693 2076 939 2129 motum,
961 2069 1501 2133 quomodocunque
1521 2071 1885 2134 assumptum‚
1908 2071 2225 2123 excusetur.

273 2139 564 2192 Praeterea
584 2140 744 2204 quod
765 2140 947 2200 addis,
970 2156 1043 2191 ex
1063 2143 1241 2192 unius
1254 2140 1350 2193 vel
1363 2140 1604 2193 alterius
1619 2142 1734 2193 diei
1748 2148 1916 2194 motu
1929 2145 1992 2193 in
2007 2142 2270 2194 Cometis
2284 2158 2408 2195 non

201 2211 351 2274 posse
362 2213 874 2263 ratiocinationem
885 2211 1098 2263 institui
1110 2212 1182 2263 de
1193 2219 1315 2264 tota
1327 2212 1485 2264 illius
1498 2213 1759 2277 period0‚
1776 2221 1831 2264 et
1842 2213 2181 2277 exemplum
2192 2229 2224 2265 e
2236 2214 2409 2265 Luna

201 2285 448 2345 petitum
467 2281 709 2346 proferS,
730 2282 832 2334 ista
851 2282 1002 2334 nihil
1018 2282 1093 2334 ad
1113 2298 1312 2335 meam
1327 2285 1671 2348 opinionem
1685 2283 2154 2336 labefactandam
2167 2283 2406 2346 faciunt,

201 2356 324 2405 imo
344 2356 539 2417 potius
560 2353 882 2414 ostendunt,
903 2361 959 2406 te
978 2353 1152 2419 longe
1173 2354 1369 2407 adhuc
1389 2355 1571 2407 abesse
1591 2371 1628 2407 a
1646 2371 1783 2407 meo
1804 2355 1984 2407 sensu.
2013 2356 2226 2420 Neque
2247 2359 2407 2408 enim

203 2439 276 2476 ex
295 2427 474 2477 unius
487 2425 583 2477 vel
602 2425 843 2477 alterius
864 2425 979 2477 diei
999 2427 1288 2491 progressu
1302 2426 1374 2478 de
1389 2426 1776 2479 Cometarum
1794 2427 2039 2492 periodo
2060 2427 2284 2491 aliquid
2304 2427 2405 2479 sta-

201 2496 489 2548 tuendum
515 2512 784 2560 unquam
811 2495 1122 2556 affirmavi,
1151 2496 1335 2549 sciens
1360 2500 1564 2562 utique
1594 2505 1977 2563 apparentem
2005 2506 2235 2550 motum
2264 2501 2405 2550 inae-

202 2567 441 2631 qualem
468 2568 594 2628 esse;
623 2567 719 2620 sed
745 2584 783 2620 a
807 2570 1096 2633 principio
1123 2568 1305 2634 usque
1331 2569 1407 2620 ad
1432 2568 1616 2621 finem
1641 2572 1820 2621 totius
1846 2570 2171 2622 durationis
2198 2585 2407 2621 eorum

201 2642 577 2702 apparentias
597 2639 1014 2705 diligentissime
1035 2641 1138 2692 esse
1158 2639 1497 2692 scrutandas
1518 2640 1739 2699 censeo,
1764 2642 1941 2704 idque
1961 2640 2063 2692 sub
2085 2656 2156 2693 eo
2178 2641 2298 2705 ipso
2319 2643 2404 2693 in-

202 2710 376 2761 cessus
403 2713 651 2771 tramite,
682 2726 862 2775 quem
890 2711 1121 2763 coelitus
1149 2711 1446 2776 designare
1471 2712 1761 2772 videntur,
1791 2719 1968 2776 atque
1993 2719 2119 2763 tum
2145 2712 2403 2773 demum,

201 2780 426 2833 collatis
447 2781 724 2834 omnibus
744 2781 1261 2842 observationibuS‚
1282 2783 1621 2844 videndum,
1643 2798 1722 2835 an
1742 2783 1869 2835 dari
1888 2784 2047 2847 possit
2066 2783 2280 2847 aliquis
2301 2786 2404 2835 cir-

202 2851 416 2904 cularis
442 2855 505 2905 in
532 2853 667 2905 coeli
694 2856 1014 2918 capacitate
1041 2852 1264 2914 ductuS,
1291 2853 1406 2905 five
1431 2853 1673 2918 fimplex
1698 2853 1812 2905 five
1839 2854 2205 2918 compofituS‚
2236 2857 2404 2906 cuius

199 2923 488 2975 beneficio
510 2925 585 2985 id,
613 2926 773 2988 quod
793 2924 965 2976 nobis
983 2925 1282 2989 inaequale
1302 2927 1591 2990 apparuit,
1616 2926 1692 2977 ad
1713 2932 2141 2990 competentem
2161 2925 2402 2990 aequali-

199 3001 380 3046 tatem
409 2998 752 3047 concinnari
780 2996 956 3060 possit.
988 2995 1146 3047 Cum
1175 2998 1335 3047 enim
1364 2995 1584 3048 coelum
1613 3011 1737 3048 non
1763 2996 1826 3048 fit
1852 2997 2067 3048 durum
2094 3004 2271 3061 atque
2298 2999 2403 3048 im-

200 3068 470 3130 pervium
491 3082 703 3131 corpus
723 3067 988 3130 pluribus
1004 3067 1241 3119 orbibus
1257 3067 1601 3127 confertum,
1622 3075 1686 3119 ut
1706 3067 1847 3119 falso
1867 3083 1978 3119 nos
1998 3066 2282 3121 hactenus
2303 3069 2403 3120 do-

201 3139 319 3188 cuit
339 3136 857 3201 Peripateticorum
882 3137 1095 3196 schola,
1122 3138 1346 3201 possunt
1370 3138 1508 3190 sane
1530 3138 1797 3191 Cometae
1817 3141 1880 3190 in
1901 3141 2065 3191 omni
2086 3142 2213 3192 eius
2238 3146 2403 3204 parte

200 3207 381 3259 libere
410 3210 590 3260 rotari
620 3215 674 3259 et
703 3208 1048 3260 circularem
1079 3224 1350 3261 exercere
1381 3217 1628 3270 motum,
1660 3210 1841 3262 modo
1873 3226 1998 3262 non
2024 3210 2402 3263 Planetarum

201 3279 543 3343 corporibus
568 3282 912 3344 impingant,
939 3280 1099 3344 quod
1120 3283 1298 3332 etiam
1318 3280 1392 3333 ab
1413 3296 1623 3332 eorum
1643 3281 1972 3346 dispositore
1992 3281 2126 3335 satis
2146 3289 2401 3334 cavetur.

201 3350 269 3401 In
295 3347 503 3402 odtava
530 3366 712 3415 quam
735 3359 951 3403 vocant
975 3351 1204 3416 sphaera
1228 3354 1384 3404 intra
1406 3351 1595 3405 stellas
1620 3351 1770 3406 fixas
1799 3351 1996 3406 nullos
2024 3354 2258 3418 prodire
2287 3353 2400 3475 (ξο-

343 3432 410 3466 34*
2215 3439 2311 3476 me
2336 3440 2400 3476 as
