2644 4030
270 286 363 337 182
801 281 1239 334 EPISTOLAE
1264 280 1934 334 ASTRONOMICAE

271 427 419 486 cidit,
446 425 768 489 perderem,
796 423 975 475 omifi.
998 424 1221 475 Verum
1241 422 1444 474 charta
1463 422 1768 475 deficiente
1791 422 1973 475 finem
1998 423 2229 485 faciam,
2257 431 2312 477 et
2337 424 2467 478 haec

270 513 404 561 quae
435 495 705 560 rescripta
732 495 877 554 sunt,
908 494 1051 546 boni
1080 493 1337 554 consule;
1370 508 1512 546 nam
1542 493 1875 559 diligentius
1904 494 2006 547 ista
2033 493 2296 556 tractare,
2326 498 2468 562 aegri

268 583 392 620 non
420 569 737 630 patiuntur.
759 565 922 618 Vale.
954 565 1128 617 Datae
1158 564 1492 630 Edenburgi
1520 567 1583 617 in
1612 565 1822 626 scotia,
1852 568 1915 617 in
1943 566 2165 618 Martio
2191 569 2465 631 primum,

268 638 463 704 postea
482 637 583 689 sub
605 637 753 702 Maij
777 639 1027 688 initium.
1664 671 1779 724 Tui
1799 673 2075 725 amantiss.

1560 743 1858 796 IOANNES
1886 743 2200 805 CRAIGU8,

1357 813 1751 879 Philosophiae
1773 821 1827 866 et
1847 815 2157 867 medicinae
2179 813 2394 868 doctor.

269 969 318 1014 [E
339 968 482 1005 codice
505 966 823 1004 Vindobonensi
843 967 910 1002 lat.
935 966 1105 1011 1068648]

272 1054 931 1130 NOBILITATE
968 1054 1476 1141 GENERIS,
1509 1053 1998 1127 VIRTUTE
2040 1054 2180 1127 ET
2214 1055 2466 1129 ERU-

375 1159 659 1211 DITION
664 1159 710 1210 E
737 1158 923 1210 VIRO
952 1158 1288 1211 CLARISS.
1316 1158 1390 1210 D.
1412 1158 1784 1211 TYCHONI
1811 1158 2083 1210 BRAHE
2110 1158 2364 1219 DANO‚

453 1241 791 1295 DOMINO
819 1241 1136 1294 INSULAE
1163 1241 1721 1294 URANIEBURGI
1747 1240 1916 1293 ETC.
1945 1241 2282 1294 DOMINO

880 1324 979 1376 ET
1004 1324 1274 1377 AMICO
1303 1324 1856 1377 OBSERVANDO.

1342 1406 1375 1448 S

754 1490 1008 1542 ITERAE
1031 1497 1149 1543 tuae
1174 1490 1429 1543 Nobiliss.
1452 1496 1507 1543 et
1527 1491 1804 1543 amantiss.
1826 1489 2124 1551 TYCHO,
2152 1490 2471 1543 attulerunt

752 1561 900 1613 mihi
930 1569 984 1614 et
1012 1562 1376 1627 voluptatem
1409 1568 1463 1614 et
1495 1562 1783 1622 dolorem;
1816 1562 2181 1627 voluptatem
2213 1562 2468 1627 quidem,

623 1651 650 1662 χ
754 1634 912 1698 quod
928 1633 1100 1685 abste
1116 1633 1482 1694 afferrentur,
1505 1634 1577 1686 de
1598 1649 1717 1698 quo
1739 1636 1859 1685 iam
1879 1633 2105 1685 dudum
2126 1633 2469 1698 cognoscere

395 1727 422 1776 g·
606 1768 614 1775 ·
753 1704 1085 1769 cupiebam;
1123 1705 1390 1756 dolorem
1426 1711 1641 1766 autem,
1679 1704 1839 1769 quod
1874 1704 2271 1757 intellexissem
2305 1720 2470 1757 meas

531 1830 551 1848 x
639 1799 658 1814 —
653 1792 709 1872 15⁹
751 1775 853 1827 tibi
887 1791 1023 1827 cum
1059 1776 1208 1828 libro
1241 1776 1599 1837 VERNERI,
1639 1775 1744 1828 abs
1778 1782 1833 1827 te
1868 1778 1990 1828 iam
2021 1775 2166 1827 olim
2198 1778 2468 1840 expetito,

500 1880 502 1882 -
644 1862 691 1881 νῆ’
752 1847 1020 1899 nondum
1048 1847 1204 1899 fuisse
1231 1848 1501 1900 redditas,
1530 1847 1600 1899 Et
1624 1845 1884 1911 profecto
1910 1846 2261 1912 suspiciones
2286 1850 2470 1899 variae

268 1918 566 1985 agitabant
586 1920 855 1970 animum
874 1934 1093 1978 meum,
1118 1925 1182 1970 ut
1202 1918 1609 1983 conquiescere
1629 1917 1796 1970 nullo
1816 1918 1996 1970 modo
2015 1920 2324 1983 potuerim.
2353 1918 2468 1970 Mi-

267 1991 455 2043 seram
476 2004 576 2041 eas
599 1988 932 2041 Gorlicium
952 1989 1028 2041 ad
1049 1990 1381 2042 MYLIUM
1403 1991 1527 2042 una
1547 2005 1682 2041 cum
1702 1989 1851 2041 libro
1872 1989 1991 2050 1110,
2019 2005 2088 2041 ac
2110 2004 2469 2055 magnopere

267 2062 565 2127 rogabam,
593 2066 656 2112 ut
682 2060 1172 2114 SCULTETUM
1194 2060 1740 2120 commonefaceret,
1767 2060 1808 2112 fi
1835 2061 1976 2126 quid
1995 2060 2298 2113 literarum
2319 2060 2395 2113 ad
2414 2067 2470 2112 te

268 2134 407 2186 dare
431 2131 621 2192 vellet,
648 2135 795 2184 meis
822 2132 1165 2197 adiungeret
1192 2139 1246 2184 et
1272 2135 1464 2197 primo
1492 2147 1730 2197 quoque
1757 2138 2020 2197 tempore
2047 2132 2123 2184 ad
2147 2138 2203 2184 te
2228 2131 2470 2196 perferri

269 2210 512 2257 curaret.
535 2202 876 2255 Indicabam
897 2206 1075 2256 etiam
1096 2204 1288 2256 eidem
1302 2206 1467 2256 iuxta
1480 2204 1903 2256 documentum
1915 2209 2154 2255 tuarum
2167 2203 2471 2255 literarum

268 2291 475 2328 omnes
497 2275 941 2327 commoditates
963 2282 1016 2327 et
1037 2275 1369 2327 occasiones
1388 2274 1656 2327 mittendi
1675 2275 1752 2327 ad
1771 2281 1843 2326 te.
1872 2274 2031 2327 Cum
2056 2281 2255 2326 autem
2280 2276 2344 2326 in
2368 2273 2470 2327 ista

268 2349 454 2400 animi
479 2348 597 2398 mei
622 2345 1060 2411 perturbatione
1085 2346 1297 2407 versor,
1329 2362 1478 2407 ecce,
1509 2353 1799 2410 oportune
1825 2346 1979 2406 sane,
2009 2345 2086 2398 ad
2111 2345 2471 2398 levationem

267 2421 386 2470 mei
413 2417 648 2478 doloriS‚
677 2417 1004 2470 afferuntur
1025 2418 1100 2470 ad
1120 2433 1215 2469 me
1236 2418 1420 2470 literae
1442 2433 1479 2469 a
1498 2417 1774 2478 MYLIO,
1802 2416 2016 2482 quibus
2042 2415 2320 2482 fignificat
2340 2416 2469 2468 etse

268 2504 625 2555 magnopere
647 2489 895 2549 excusat,
924 2505 1027 2541 cur
1047 2489 1265 2541 diutius
1284 2489 1388 2541 sua
1409 2491 1690 2553 opinione
1711 2488 2045 2541 delituerint
2065 2488 2223 2553 apud
2243 2487 2298 2540 se
2317 2503 2470 2540 meae

268 2561 468 2622 literae,
500 2567 554 2612 et
582 2567 646 2612 ut
674 2560 908 2625 plenius
937 2563 1023 2612 rei
1051 2563 1356 2612 veritatem
1386 2560 1696 2625 cognoscas
1725 2575 1940 2624 meque
1969 2560 2128 2624 apud
2153 2565 2208 2611 te
2236 2557 2468 2611 excusa-

267 2639 393 2684 tum
413 2632 652 2692 habeaS‚
675 2631 1015 2695 exemplum
1035 2631 1209 2696 ipfius
1229 2631 1533 2683 literarum
1547 2632 1622 2683 ad
1636 2637 1691 2683 te
1705 2633 1889 2683 mitto,
1911 2630 2024 2683 Sed
2044 2633 2182 2692 iam,
2203 2636 2268 2682 ut
2285 2630 2467 2695 spere,

268 2703 565 2767 utriusque
587 2703 846 2755 nostrum
866 2702 1147 2755 defiderio
1166 2701 1529 2763 satisfactum,
1550 2703 1770 2767 tibique
1785 2717 1950 2754 meas
1964 2701 2218 2754 redditas
2233 2702 2336 2754 esse
2351 2703 2468 2753 exi-

268 2775 449 2826 stimo,
472 2775 718 2826 Utinam
739 2774 1013 2838 deinceps
1033 2774 1242 2826 nostrae
1262 2774 1446 2826 literae
1465 2773 1696 2825 cursum
1709 2773 2118 2826 nanciscantur
2130 2772 2468 2825 feliciorem.

269 2846 383 2897 His
403 2846 575 2910 plura
592 2845 752 2910 quod
770 2845 987 2898 addam
1001 2845 1195 2898 habeo
1210 2845 1375 2897 nihil.
1398 2845 1485 2896 Ex
1498 2844 1612 2896 hoc
1626 2850 1889 2897 mercatu
1903 2844 2074 2896 avide
2090 2841 2470 2908 expectabam

268 2920 525 2981 primum
551 2923 721 2968 tuum
746 2916 977 2969 librum.
1006 2916 1119 2969 Sed
1146 2932 1249 2968 cur
1274 2932 1398 2968 non
1423 2916 1717 2980 prodierit,
1746 2930 1819 2967 ex
1844 2917 1959 2967 tuis
1979 2915 2055 2967 ad
2074 2930 2169 2967 me
2190 2914 2467 2966 intellexi.

270 2988 469 3039 Deum
489 3003 611 3048 or0,
632 2994 696 3039 ut
715 2990 830 3039 tuis
850 2988 1046 3053 studijs
1060 2988 1302 3052 Reipub.
1321 2987 1595 3039 literariae
1614 2987 1788 3039 causa
1801 2986 1999 3038 favere
2013 2986 2167 3038 velit.
2189 2986 2318 3038 Nos
2332 2992 2468 3038 ante

269 3058 495 3110 menses
514 3061 736 3110 circiter
753 3059 903 3110 duos
921 3059 1219 3111 amisimus
1233 3062 1428 3110 virum
1442 3058 1738 3111 summum
1753 3063 1808 3109 et
1820 3057 2347 3123 incomparabilem
2360 3059 2469 3109 tui-

271 3145 385 3193 que
406 3129 684 3181 studiofiss.
707 3130 780 3181 D.
803 3129 1307 3183 DUDITHIUM.
1330 3130 1572 3182 Decessit
1593 3132 1770 3182 etiam
1791 3145 1864 3181 ex
1883 3128 1996 3181 hac
2015 3131 2136 3181 vita
2155 3129 2228 3180 19.
2249 3127 2470 3192 Aprilis

269 3200 519 3251 Viennae
537 3201 962 3254 FABRICIUS.
984 3201 1299 3266 Utriusque
1319 3208 1571 3253 mortem
1590 3200 1915 3253 admodum
1935 3200 2127 3252 doleo.
2149 3199 2263 3252 Sed
2284 3214 2470 3264 quum

270 3270 403 3322 Deo
420 3271 551 3335 Opt.
570 3271 733 3323 Max,
751 3287 851 3323 eos
865 3274 929 3323 in
940 3273 1265 3324 beatiorem
1278 3275 1460 3324 vitam
1482 3288 1555 3323 ex
1574 3271 1727 3324 hisce
1747 3270 2113 3324 miseriarum
2132 3270 2316 3323 turbis
2334 3285 2468 3322 evo-

272 3357 404 3393 care
424 3341 607 3402 libuit,
628 3344 691 3393 in
709 3341 1045 3395 sanctissima
1066 3346 1192 3395 eius
1212 3343 1515 3395 voluntate
1536 3343 1706 3395 nobis
1726 3342 2214 3407 acquiescendum
2235 3340 2325 3393 est.

2187 3413 2467 3473 BaroneS,

2503 1080 2587 1125 lov

2521 1177 2564 1212 10

2522 1580 2606 1618 15.

2518 1936 2565 1971 20

2518 2292 2565 2327 25

2518 2647 2565 2683 30

2517 3003 2565 3038 35

2516 3357 2564 3392 40
