2644 4030
78 1087 119 1122 10

77 1443 118 1477 15

53 2005 140 2050 38v

71 2158 116 2192 25

69 2869 116 2904 35

70 3224 116 3259 40

205 287 508 341 TYCHO
530 287 651 339 AD
677 285 1220 339 THADDAEUM
1247 284 1732 339 HAGECIUM
1758 286 1791 338 3
1817 286 2192 340 AUG.1590
2276 288 2368 341 271

242 429 420 493 Quod
441 428 792 482 CRAIGUS
817 435 872 481 te
898 431 962 481 in
986 435 1089 481 tua
1114 427 1352 481 Dialexi
1377 443 1590 493 parum
1618 443 1690 479 ex
1715 434 1838 480 arte
1863 429 2166 493 praestitisse
2191 433 2368 483 nimis

169 500 624 565 praesumptuose
653 503 1011 565 pronuntiat,
1037 500 1267 551 videtur
1292 500 1368 552 ad
1395 499 1792 563 parallaxium
1818 498 2143 553 doctrinam
2170 504 2369 554 minus

168 571 348 624 solide
368 579 423 624 et
443 571 702 624 absolute
722 571 840 623 illic
865 570 1276 635 pertradtatam
1301 570 1612 635 respexisse.
1640 570 1952 635 Ignorabat
1979 575 2138 623 enim
2163 573 2370 638 procul

170 643 366 702 dubio,
393 642 639 707 teipsum
663 649 767 695 tua
792 642 904 694 hac
929 644 992 694 in
1017 650 1182 707 parte
1209 648 1400 694 errata
1419 641 1615 706 postea
1635 642 1974 694 emendasse.
2003 643 2166 706 Quin
2187 651 2241 696 et
2261 660 2368 709 ego

169 716 232 765 in
246 714 539 779 Apologia
558 729 665 778 pro
679 721 735 766 te
748 713 880 766 satis
895 713 1180 778 respondi,
1203 721 1258 764 et
1278 713 1438 777 quod
1451 715 1514 764 in
1530 713 1780 765 Cometa
1794 713 1897 764 illo
1911 715 2199 766 incertum
2211 714 2368 768 fuisse

169 786 380 850 obijcit‚
403 785 563 837 dilui.
586 785 818 837 Placeat
837 784 935 836 ille
956 784 1029 836 fic
1048 784 1150 836 fibi
1170 790 1226 836 et
1245 784 1500 836 aliorum
1522 787 1781 849 egregios
1802 791 2047 836 conatus
2069 786 2143 837 ob
2164 802 2368 839 naevos

169 856 453 920 quosdam
473 856 867 915 extenuandO,
888 854 1156 920 nihilque
1172 855 1410 923 ipsemet
1427 854 1753 920 perfedliu&
1775 856 1934 919 quod
1949 856 2024 908 ad
2038 872 2163 908 rem
2177 856 2368 919 faciat,

167 930 231 978 in
254 928 519 979 medium
544 926 914 991 proferend0‚
940 927 1152 987 videat,
1179 942 1336 979 anne
1363 927 1522 992 apud
1547 926 1934 991 intelligentes
1955 935 2010 979 et
2031 929 2248 981 iudicio
2268 945 2367 982 va-

167 998 352 1050 lentes
377 997 685 1063 philautiae
711 1001 914 1050 nimiae
936 1005 991 1050 et
1011 998 1270 1050 censurae
1292 1001 1622 1050 temerariae
1648 999 2046 1063 redarguatur.
2075 998 2234 1062 Quid
2261 1016 2368 1065 ego

167 1072 346 1122 intua
360 1069 598 1121 Dialexi
612 1073 766 1121 circa
781 1085 852 1122 ea
864 1069 1198 1135 praesertim,
1218 1085 1353 1134 quae
1373 1070 1449 1122 ad
1468 1069 1690 1121 stellam
1709 1069 1875 1121 illam
1894 1085 2114 1122 novam
2134 1075 2369 1135 proprie

166 1140 473 1200 faciebant,
501 1141 835 1201 desiderem,
864 1157 936 1193 ex
962 1144 1150 1206 capite
1176 1141 1210 1193 8
1235 1143 1410 1206 primi
1435 1141 1611 1192 nostri
1634 1141 1767 1192 libri
1787 1140 2183 1193 aethereorum
2203 1143 2367 1195 Phae-

166 1227 500 1273 nomentum
522 1215 624 1276 qui
644 1212 716 1264 de
736 1212 894 1264 stella
914 1212 1026 1264 hac
1047 1227 1206 1264 nova
1227 1228 1299 1264 ex
1317 1211 1559 1276 professo
1580 1214 1711 1277 agit,
1737 1215 2038 1276 percipies
2066 1212 2188 1264 Illic
2209 1216 2369 1265 enim

166 1283 352 1335 statim
380 1283 502 1348 post
531 1284 999 1349 Landgraviana‚
1031 1291 1163 1335 tuas
1194 1283 1628 1335 observationes
1657 1291 1832 1347 atque
1861 1287 2243 1348 pronuntiata
2272 1301 2367 1337 ex-

166 1356 362 1420 pendi,
391 1355 769 1419 nostrumque
796 1356 867 1407 de
893 1355 986 1406 his
1015 1355 1300 1406 iudicium
1328 1354 1509 1406 libere
1537 1354 1771 1418 protuli,
1799 1355 1959 1418 quod
1983 1355 2086 1407 tibi
2110 1359 2368 1408 veritatis

168 1427 579 1479 enucleatioris
599 1429 866 1491 inprimis
886 1425 1132 1478 studioso
1148 1433 1202 1478 et
1217 1425 1464 1478 candide
1485 1428 1689 1477 omnia
1708 1428 2016 1490 accipienti
2036 1442 2160 1478 non
2179 1430 2367 1492 ingra-

165 1505 293 1550 tum
320 1497 586 1550 futurum
614 1497 762 1549 mihi
790 1497 1130 1562 persuade0.
1164 1497 1228 1549 Id
1258 1497 1418 1562 quod
1449 1496 1800 1550 CRAIGUS
1829 1496 2101 1558 affirmat,
2135 1498 2367 1551 Mathe-

165 1572 409 1621 maticos
429 1571 492 1620 in
512 1569 974 1621 demonstrandis
996 1568 1383 1621 Cometarum
1401 1568 1803 1633 parallaxibus
1823 1571 2000 1620 nimis
2019 1568 2216 1620 secure
2236 1585 2367 1634 pro-

165 1643 362 1705 prium
376 1656 584 1693 eorum
597 1648 826 1692 motum
840 1640 1162 1705 neglexisse,
1183 1655 1307 1691 non
1327 1639 1509 1704 usque
1530 1640 1681 1691 adeo
1702 1641 1845 1691 citra
1864 1654 1990 1691 rem
2011 1641 2210 1703 quoad
2229 1641 2368 1705 plae-

165 1712 374 1776 rosque
403 1712 692 1771 asseverat,
723 1719 779 1764 et
806 1727 882 1764 ne
912 1712 1153 1776 quidem
1177 1711 1417 1776 ipsemet
1443 1709 2152 1764 REGIOMONTANUS
2177 1714 2240 1763 in
2265 1712 2368 1764 suo

167 1783 396 1835 erudito
422 1783 524 1835 illo
550 1783 757 1848 scripto
778 1783 850 1836 de
872 1783 1134 1836 Cometis
1161 1783 1541 1848 excipiendus
1565 1785 1741 1834 venit.
1769 1782 1928 1834 Licet
1953 1785 2114 1834 enim
2136 1783 2367 1836 Proble-

164 1862 339 1915 mate,
366 1857 451 1906 uti
477 1857 580 1912 ais,
608 1855 658 1906 2.
679 1854 728 1906 3.
751 1861 806 1906 et
828 1855 878 1907 4.
899 1861 1156 1913 moneat,
1182 1862 1379 1906 motus
1404 1856 1621 1919 proprij
1651 1855 1714 1905 in
1741 1853 2005 1906 Cometis
2030 1853 2368 1907 habendam

165 1929 473 1986 rationem,
493 1933 695 1978 tamen
713 1925 936 1990 ipfimet
958 1926 1519 1978 demonstrationum
1538 1925 1823 1989 processus
1842 1924 2003 1976 hunc
2022 1926 2254 1989 prorsus
2272 1942 2367 1978 ex-

166 1998 424 2058 cludunt,
447 2004 503 2049 et
522 1992 543 2065 ΙΙ
562 1996 1013 2049 Phaenomenon
1027 2013 1150 2049 non
1164 1997 1268 2048 nifi
1282 2004 1450 2048 motu
1463 1999 1654 2061 primo
1670 1998 1875 2061 agitari
1888 1996 2366 2061 praesupponunt.

166 2069 294 2121 Nec
314 2069 474 2133 quod
493 2071 557 2120 in
576 2066 666 2119 2‘10
686 2068 1052 2121 Problemate
1073 2084 1177 2133 per
1195 2070 1475 2133 temporis
1502 2066 1783 2120 interiedti
1808 2068 2152 2119 brevitatem
2171 2076 2367 2121 motus

165 2142 382 2206 proprij
417 2140 840 2205 impedimenta
872 2139 1120 2200 excusat,
1153 2139 1445 2192 sufficiens
1479 2139 1554 2191 est
1582 2153 1824 2191 omnem
1855 2138 1953 2190 hic
1983 2138 2367 2204 suspicionem

166 2214 378 2263 erroris
411 2227 705 2271 amovere,
739 2227 875 2263 cum
908 2211 1151 2263 celerior
1181 2211 1572 2275 utplurimum
1603 2210 1667 2262 fit
1697 2212 1761 2262 in
1794 2210 2057 2262 Cometis
2087 2214 2367 2263 motionis

164 2285 420 2347 propriae
434 2286 704 2342 varietaS,
726 2298 908 2347 quam
929 2298 1016 2342 ea,
1039 2298 1175 2347 quae
1191 2298 1263 2334 ex
1276 2282 1650 2347 parallaxeos
1664 2281 2010 2333 alteratione
2024 2281 2365 2344 insinuatur,

166 2362 221 2406 et
239 2362 471 2419 tempus
492 2353 993 2406 observationibus
1013 2352 1381 2406 interiectum
1401 2353 1801 2406 abbreviando
1823 2352 2219 2417 parallaxium
2240 2369 2366 2418 per-

165 2428 496 2490 ceptionem
516 2441 588 2477 eo
609 2425 1010 2477 abstrufiorem
1031 2424 1334 2478 efficimus
1357 2425 1450 2478 Sic
1470 2439 1653 2489 quam
1668 2424 2036 2476 Problemate
2050 2422 2142 2475 3¹10
2156 2425 2368 2478 limita-'

164 2499 389 2549 tionem
414 2496 652 2549 adhibet
678 2503 733 2548 et
758 2499 822 2549 in
847 2496 1109 2561 sequenti
1135 2512 1374 2561 quoque
1393 2496 1592 2549 valere
1611 2495 1752 2556 vult,
1780 2494 1878 2547 etfi
1901 2510 1973 2547 ea
1992 2495 2366 2559 aliquatenus

165 2567 534 2620 difficultates
561 2583 633 2619 ex
658 2569 870 2620 incessu
897 2571 1157 2633 genuino
1185 2568 1572 2621 Cometarum
1596 2570 1659 2618 in
1683 2566 1974 2632 parallaxi
1999 2567 2366 2620 enucleanda

163 2642 384 2704 mitiget
410 2646 465 2691 et
489 2638 914 2691 tolerabiliores
942 2639 1162 2700 reddat,
1191 2646 1393 2691 tamen
1422 2655 1523 2691 eas
1552 2654 1677 2690 non
1706 2638 2090 2701 undiquaque
2116 2638 2279 2699 tollit,
2311 2645 2366 2691 et

163 2711 377 2763 modus
396 2710 512 2771 ille,
534 2725 654 2775 quo
674 2718 903 2762 motum
923 2713 1230 2776 proprium
1249 2711 1531 2763 diurnum
1543 2708 1914 2774 praedefinire
1929 2709 2111 2769 docet,
2132 2710 2365 2773 prorsus

165 2797 448 2834 erroneus
469 2781 560 2843 est,
587 2797 696 2833 nec
715 2785 799 2834 rei
818 2782 1190 2846 inquirendae
1209 2781 1503 2834 subtilitati
1522 2780 1802 2833 satisfacit.
1823 2779 2035 2839 Tace0‚
2063 2780 2222 2844 quod
2248 2784 2365 2833 azi-

164 2852 510 2905 muthorum
527 2860 582 2905 et
597 2856 878 2918 temporis
896 2856 1200 2917 intercepti
1218 2860 1341 2906 tam
1362 2851 1581 2911 exa&a‚
1601 2857 1776 2916 prout
1794 2850 1890 2902 hic
1910 2854 2241 2914 requiritur,
2262 2868 2364 2904 an-

165 2940 299 2989 ceps
325 2924 388 2976 fit
414 2924 830 2989 pervestigati0‚
859 2932 914 2977 et
938 2927 1222 2976 minimus
1241 2927 1459 2988 vixque
1485 2921 1874 2987 perceptibilis
1895 2937 2056 2973 error
2076 2924 2139 2973 in
2159 2938 2363 2987 opera-

163 2998 339 3047 tionis
365 2993 534 3060 'praxi
559 2997 812 3047 nimium
838 2995 1152 3048 foecundus
1179 2996 1411 3047 evadat:
1439 3002 1504 3046 ut
1530 2994 1605 3046 ob
1631 2993 1690 3044 id
1716 2996 1880 3044 iuxta
1900 2993 2363 3046 REGIOMON-

163 3065 354 3117 ΤΑΝΙ
373 3066 760 3123 Problemata,
782 3073 911 3118 utut
931 3067 1129 3130 quoad
1149 3066 1703 3118 demonstrationem
1722 3063 1906 3128 ipsam
1925 3063 2363 3130 irrefragabilia,

165 3137 551 3190 Cometarum
568 3137 799 3189 coelitus
812 3136 925 3188 sese
941 3137 1367 3189 ostendentium
1383 3136 1716 3200 parallaxes
1731 3138 1873 3187 citra
1888 3150 2148 3187 errorem
2162 3136 2363 3189 discer-

164 3223 305 3260 nere
325 3223 449 3259 non
468 3207 532 3259 fit
551 3208 702 3260 adeo
722 3214 1077 3272 promptum,
1098 3215 1275 3272 atque
1293 3214 1548 3272 putatur.
1570 3206 1927 3258 Existimavit
1946 3206 2061 3267 ille,
2085 3207 2364 3260 Cometas

164 3279 474 3331 necessario
494 3281 557 3330 in
577 3281 712 3330 aere
733 3278 1027 3343 superiore
1048 3285 1335 3343 tanquam
1354 3281 1594 3343 igneum
1614 3277 1915 3342 quoddam
1934 3285 2241 3331 meteoron
2260 3279 2362 3331 fla-

163 3366 348 3416 grare,
377 3349 555 3415 idque
580 3349 946 3402 Aristotelaea
973 3353 1285 3403 autoritate
1313 3352 1396 3402 ita
1422 3349 1798 3415 praevalente,
1828 3356 1892 3401 ut
1918 3348 2160 3471 [Rillmmis
2186 3353 2362 3402 etiam

1999 3420 2364 3473 athematicis
