2644 4030
117 1084 159 1119 10

117 1441 159 1476 15

82 1503 194 1547 101v

113 1798 161 1833 20

115 2155 160 2189 25

117 2866 162 2901 35

87 3071 194 3115 102r

118 3222 165 3257 ⁴0

330 284 635 339 TYCHO
662 284 783 338 AD
812 284 1292 338 HENRICUM
1320 284 1780 338 BRUCAEUM
1806 285 1839 337 4
1866 285 2066 339 NOV.
2094 286 2239 339 1588
2312 286 2405 339 159

206 427 476 480 videlicet
495 427 571 480 est
589 427 659 479 43
679 428 755 479 ad
774 427 844 480 60
862 430 1147 492 proxime.
1176 427 1290 480 Sed
1311 429 1513 493 magni
1533 429 1711 479 etiam
1730 429 1841 480 viri
1860 431 2090 493 magnis
2111 429 2406 481 erroribus

207 499 501 551 interdum
522 498 652 551 sunt
671 498 931 564 obnoxij.

279 569 613 622 Secundam
637 571 757 622 mei
784 569 916 622 libri
944 577 1171 635 partem
1196 576 1251 622 te
1277 569 1547 622 nondum
1573 569 1840 622 evolvisse
1866 570 2163 631 asseveraS,
2194 578 2249 623 et
2278 586 2404 635 per-

206 656 399 706 pauca
418 644 481 693 in
498 656 570 693 eo
586 641 787 706 legisse‚
808 641 960 693 adeo
973 648 1038 693 ut
1050 641 1252 693 saltem
1266 640 1802 694 animadverfiones
1816 643 1880 692 in
1894 640 2406 694 MAESTLINUM

207 712 393 764 obiter
412 714 783 777 percurreris
810 711 939 764 Imo
959 719 1251 777 quantum
1271 727 1303 764 e
1323 712 1504 765 literis
1522 714 1638 764 tuis
1656 714 1955 778 percipere
1975 713 2211 777 possum,
2233 715 2406 765 inuti-

207 783 326 835 lem
343 783 440 835 vel
458 785 658 835 minus
676 783 1050 836 necessariam
1069 783 1225 836 fuisse
1250 799 1384 836 eam
1411 799 1656 849 operam
1682 783 1894 843 censeS,
1922 799 2043 848 qua
2066 786 2130 835 in
2155 783 2409 836 secunda

207 853 291 907 isti
317 854 451 906 libri
475 857 746 919 portione
773 854 1030 907 aliorum
1054 855 1127 906 de
1153 854 1267 907 hoc
1294 855 1545 908 Cometa
1573 854 1788 920 placita
1812 854 1914 907 sub
1940 855 2217 907 incudem
2243 870 2407 907 revo-

207 927 353 986 cavi,
379 924 665 990 fiquidem
691 941 778 986 ea,
806 941 942 991 quae
965 925 1337 978 Geometrice
1358 942 1395 979 a
1414 941 1511 978 me
1536 928 1732 991 priore
1753 929 1814 978 in
1834 933 1998 991 parte
2020 926 2410 979 demonstrata

206 995 352 1058 sunt,
372 1012 410 1049 a
429 999 668 1049 nemine
689 997 942 1050 convelli
960 997 1179 1062 possint.
1200 998 1279 1050 At
1298 998 1471 1063 longe
1492 997 1659 1050 aliter
1675 997 2043 1050 sentiendum
2056 997 2225 1050 duco.
2248 998 2408 1050 Nam

208 1067 464 1120 aliorum
478 1067 911 1121 observationes
925 1075 980 1121 et
994 1068 1531 1129 demonstrationes,
1545 1068 1587 1120 fi
1600 1067 1752 1121 rec'te
1765 1068 1821 1120 se
1835 1069 2110 1129 habeant,
2124 1084 2410 1134 magnum

206 1141 437 1192 veritati
461 1138 802 1205 suffragium
827 1140 1107 1205 praebent,
1134 1139 1454 1205 praesertim
1478 1142 1541 1191 in
1567 1139 1802 1191 diversis
1820 1139 1965 1192 locis
1985 1140 2059 1192 ab
2080 1140 2212 1205 aliJ‘s
2231 1147 2408 1205 atque

207 1210 341 1276 alijs
367 1210 629 1276 personis
658 1210 1089 1264 administratae.
1123 1211 1286 1263 Nam
1314 1210 1446 1263 licet
1476 1226 1563 1270 ea,
1596 1226 1732 1275 quae
1763 1210 2138 1264 Geometrice
2167 1212 2408 1264 demon-

206 1281 471 1343 strantur,
492 1281 643 1335 redte
663 1282 935 1343 constent,
955 1289 1158 1334 tamen
1178 1297 1314 1334 cum
1334 1281 1783 1342 observationes,
1806 1297 1941 1346 quae
1958 1297 2063 1347 per
2078 1283 2276 1335 media
2289 1298 2408 1335 me-

208 1352 457 1406 cham'ca
481 1352 647 1415 fiunt,
675 1353 895 1419 ubique
920 1369 1045 1405 non
1069 1356 1176 1406 rite
1201 1352 1596 1418 perficiantur,
1624 1356 1818 1405 evenit
1838 1354 1998 1418 quod
2017 1353 2155 1418 ipsae
2176 1353 2409 1406 conclu-

206 1423 413 1486 fioneS,
433 1430 564 1477 utut
581 1431 932 1490 praetextum
947 1424 1461 1477 Geometricarum
1477 1423 2039 1477 demonstrationum
2054 1424 2289 1486 faciant,
2310 1425 2409 1477 sae-

207 1511 535 1561 penumero
554 1495 892 1549 frustraneae
912 1496 1034 1548 lint.
1055 1490 1077 1564 ΙΙ
1097 1495 1190 1548 Sic
1210 1495 1465 1548 nostram
1484 1496 1673 1547 Lunae
1691 1495 2062 1548 latitudinem
2084 1499 2411 1549 maximam

207 1569 271 1619 in
296 1567 544 1620 dubium
567 1583 782 1620 vocare
810 1567 896 1632 (ut
922 1570 1100 1619 etiam
1125 1570 1517 1620 mutationem
1542 1566 1866 1619 latitudinis
1892 1566 2209 1620 affixarum
2228 1567 2410 1620 stella-

208 1653 342 1691 rum
355 1641 521 1691 iuxta
533 1641 823 1692 variatam
838 1638 1133 1704 Eclipticae
1148 1639 1222 1691 ab
1233 1638 1559 1703 AEquatore
1574 1638 1974 1703 digressionem
1987 1641 2050 1691 in
2064 1638 2411 1704 quibusdam

209 1709 340 1775 aliJs
359 1712 523 1774 prius
542 1710 619 1762 ad
638 1725 735 1762 me
755 1710 905 1763 datis
924 1709 1128 1774 literis)
1154 1725 1280 1762 non
1299 1712 1535 1762 vereris
1563 1710 1642 1762 At
1662 1725 1798 1762 cum
1818 1725 1892 1762 ex
1911 1709 2412 1763 observationibus

209 1780 718 1834 ROTHMANNI
738 1785 801 1834 in
820 1787 1049 1834 remoto
1069 1781 1201 1833 loco
1223 1787 1278 1834 et
1297 1781 1429 1847 alijs
1450 1783 1686 1846 organis
1706 1781 2024 1846 exploratis
2049 1796 2175 1833 rem
2201 1782 2412 1834 eodem

208 1852 390 1905 modo
417 1851 474 1905 se
503 1852 723 1905 habere
754 1853 1128 1914 intellexeris,
1161 1851 1308 1904 forte
1340 1855 1488 1904 meis
1520 1855 1774 1905 inventis
1805 1852 2035 1905 facilius
2063 1852 2410 1917 acquiesces,

208 1924 340 1976 licet
366 1939 439 1976 ea
463 1939 568 1989 per
591 1924 648 1976 se
674 1924 826 1977 adeo
851 1931 980 1977 rata
1005 1924 1127 1984 lint,
1154 1931 1218 1977 ut
1243 1923 1410 1976 nullo
1439 1931 1719 1976 extraneo
1745 1923 2044 1989 indigeant
2067 1924 2409 1976 testimonio,

209 1995 406 2060 Atque
425 2001 553 2048 tum
574 1996 648 2048 ob
668 1995 841 2056 hanc,
861 2002 986 2048 tum
1009 1999 1188 2048 etiam
1208 1995 1357 2048 alias
1376 1996 1715 2048 necessarias
1730 1995 1933 2048 causas
1946 1998 2010 2047 in
2023 1998 2214 2060 primo
2227 2010 2410 2047 mem-

208 2066 315 2119 bro
340 2066 611 2119 secundae
637 2070 818 2132 partis
845 2082 1054 2119 eorum
1079 2066 1286 2131 scripta
1312 2066 1580 2132 expendi,
1609 2082 1641 2118 e
1668 2066 1881 2131 quibus
1908 2066 2223 2119 Cometam
2250 2066 2411 2118 hunc

210 2137 537 2190 aethereum
555 2137 712 2191 fuisse
731 2145 1128 2203 competenter
1140 2153 1375 2190 mecum
1389 2137 1686 2202 probatur.
1708 2138 1801 2190 Ne
1816 2140 1948 2202 quis
1962 2137 2274 2203 suspicetur
2288 2153 2410 2189 om-

210 2211 381 2261 nium
399 2209 654 2262 aliorum
676 2209 1214 2262 animadversiones
1234 2225 1271 2261 a
1290 2212 1438 2261 meis
1464 2211 1718 2260 inventis
1738 2208 1970 2273 prorsus
1990 2209 2217 2261 alienas
2236 2208 2410 2268 fuisse,

211 2280 371 2345 quod
390 2287 592 2333 tamen
610 2296 715 2346 per
732 2280 789 2332 se
809 2296 934 2333 non
953 2280 1278 2333 admodum
1299 2282 1571 2340 curarim,
1592 2279 1753 2332 salva
1772 2286 2002 2332 tantum
2015 2279 2138 2344 ipsa
2150 2283 2409 2340 veritate,

211 2367 348 2416 quae
369 2351 750 2416 opinionibus
770 2351 1086 2404 hominum
1106 2351 1347 2416 quidem
1363 2354 1758 2416 impugnatur,
1779 2351 1875 2403 sed
1888 2367 2013 2403 non
2027 2359 2410 2417 expugnatur,

211 2438 348 2488 quae
369 2425 547 2475 etiam
566 2425 629 2475 in
648 2422 780 2488 ipfis
800 2438 999 2475 rerum
1012 2422 1410 2488 penetralibus
1425 2429 1480 2474 et
1494 2422 1767 2474 medullis
1780 2438 1818 2475 a
1830 2422 2224 2488 plurimorum
2238 2430 2413 2487 captu

211 2493 548 2547 abscondita
557 2494 711 2546 latet.
725 2494 793 2546 In
803 2494 1102 2559 posteriori
1113 2510 1255 2546 vero
1265 2494 1533 2546 membro
1544 2494 1925 2558 reliquorum,
1939 2496 2042 2559 qui
2052 2496 2412 2546 contrarium

210 2564 522 2626 senserunt,
543 2568 1023 2618 ratiocinationes
1044 2568 1241 2625 everti,
1262 2572 1325 2617 ut
1345 2567 1584 2617 remotis
1605 2571 1660 2617 et
1679 2564 1942 2617 refutatis
1960 2580 2168 2617 eorum
2185 2571 2411 2617 contra-

211 2634 562 2689 dictionibus
588 2639 802 2689 veritas
831 2637 1017 2689 libera
1041 2652 1145 2702 per
1170 2636 1225 2688 se
1253 2635 1569 2701 effulgeret.
1601 2636 1728 2688 Nec
1755 2635 1983 2688 levibus
2011 2635 2411 2701 paralogismis

212 2714 467 2772 quatuor
485 2723 719 2773 magnae
739 2711 1067 2760 autoritatis
1084 2710 1194 2760 viri
1215 2723 1247 2760 e
1268 2707 1503 2760 diversis
1522 2707 1666 2759 locis
1685 2710 1748 2759 in
1768 2706 1882 2759 hoc
1902 2707 2327 2768 consenserunt,
2349 2715 2412 2760 ut

213 2779 527 2831 Cometam
554 2786 677 2831 tam
706 2782 1104 2844 propinquam
1132 2781 1299 2831 terris
1327 2779 1659 2843 probarent,
1690 2794 1810 2843 quo
1838 2778 2172 2844 parallaxin
2199 2780 2232 2831 5
2258 2778 2354 2830 vel
2378 2779 2412 2830 6

211 2853 469 2915 partium
489 2849 759 2911 efficeret,
780 2851 1033 2916 ideoque
1048 2850 1221 2916 longe
1236 2849 1390 2902 infra
1404 2850 1638 2902 Lunam
1651 2852 1751 2902 vix
1763 2849 1798 2902 8
1811 2849 1906 2901 vel
1919 2849 1953 2902 9
1966 2849 2105 2902 hinc
2118 2856 2412 2902 remotum

211 2921 412 2974 Terrae
437 2921 898 2982 semidiametris‚
925 2924 1010 2974 uti
1036 2925 1216 2974 etiam
1242 2937 1274 2973 e
1301 2924 1469 2973 certis
1495 2919 1996 2974 observationibus
2024 2921 2413 2982 Geometricis

212 2992 734 3045 demonstrationes
762 2993 1218 3058 praetenderunt,
1248 2993 1462 3057 quibus
1489 2992 1585 3044 vel
1614 2993 1842 3045 erudito
1872 2992 2048 3044 alicui
2077 2992 2411 3045 Mathema-

212 3066 343 3124 tic0‚
370 3063 411 3115 fi
436 3079 561 3116 non
587 3062 992 3129 circumspecte
1019 3067 1224 3116 omnia
1248 3064 1635 3129 perpenderit,
1666 3078 1792 3115 rem
1812 3058 1833 3131 ΙΙ
1853 3066 1934 3116 ita
1959 3063 2015 3115 se
2040 3062 2260 3116 habere
2285 3079 2411 3128 per-

212 3134 494 3194 suaderet,
519 3135 669 3187 adeo
689 3142 753 3187 ut
772 3135 1160 3200 Philosophus
1179 3135 1360 3187 vester
1378 3134 1775 3187 Aristotelicus
1795 3134 2145 3187 ERASTUS
2165 3150 2289 3186 non
2308 3134 2411 3186 du-

213 3205 408 3257 bitarit
423 3205 986 3258 Mathematicorum
999 3205 1273 3271 suffragia
1287 3208 1349 3257 in
1363 3205 1477 3258 hoc
1492 3206 1742 3258 Cometa
1757 3208 1950 3267 citare,
1966 3207 2211 3258 asserens
2224 3205 2413 3270 ipsum

214 3279 379 3329 iuxta
397 3277 917 3341 Peripateticorum
943 3278 1220 3342 dogmata
1245 3276 1402 3329 fuisse
1429 3279 1491 3328 in
1518 3277 1862 3329 elementari
1880 3277 2107 3330 mundo
2128 3293 2159 3329 e
2180 3277 2411 3329 fumofi-

214 3348 430 3400 tatibus
458 3347 704 3400 incenfis
733 3355 1088 3409 concretum,
1119 3364 1191 3400 eo
1220 3349 1380 3413 quod
1409 3349 1652 3413 quidam
1682 3364 1754 3400 ex
1782 3348 1896 3400 illis
1925 3349 2258 3413 parallaxin
2287 3351 2412 3399 eius

2294 3419 2411 3479 ista,
