2644 4030
264 293 356 345 154
796 288 1232 345 EPISTOLAE
1258 288 1928 341 ASTRONOMICAE

263 433 359 485 hic
384 433 564 484 latere
590 431 851 496 suspicer,
882 431 954 483 de
982 446 1101 495 qua
1126 437 1326 483 tamen
1352 429 1502 481 nihil
1527 432 1667 482 certi
1691 432 2086 494 pronunciare
2112 430 2268 490 v010,
2298 437 2456 484 ante-

263 518 444 568 quam
468 503 717 567 plenius,
747 505 832 554 uti
858 503 994 562 dixi,
1024 517 1150 553 rem
1176 516 1417 553 omnem
1444 501 1795 565 expendero,
1827 501 1985 553 Licet
2010 517 2152 554 vero
2177 504 2241 553 in
2265 501 2458 554 nostro
2507 507 2536 551 τ’

263 575 590 626 Horizonte
610 573 928 638 parallaxis
949 573 1136 624 Lunae
1164 579 1218 624 et
1243 570 1511 624 refractio
1537 587 1660 624 non
1685 587 1899 636 parum
1924 571 2278 625 difficultatis
2303 575 2458 638 inge-

262 651 408 705 rant,
440 660 559 709 quo
588 647 786 696 minus
815 646 1117 708 negotium
1142 643 1256 695 hoc
1281 650 1404 695 tam
1430 643 1714 707 expedite,
1742 649 1918 708 atque
1945 646 2008 695 in
2032 643 2399 696 Alexandria
2423 659 2460 696 a

261 715 355 768 PT
359 714 739 775 OLEMAEO,
755 714 975 767 absolvi
989 720 1181 779 queat,
1196 721 1398 766 tamen
1411 714 1541 766 haec
1551 714 1974 778 impedimenta
1983 714 2116 767 satis
2126 729 2459 779 praecavere
2509 732 2531 766 5

262 786 610 839 iamdudum
631 786 833 838 crebra
853 785 1328 838 observationum
1350 787 1518 850 praxi
1542 785 1732 846 didici,
1760 788 1842 838 ita
1860 792 1925 838 ut
1943 784 2122 837 fidem
2141 791 2266 838 tuto
2286 788 2459 837 inter-

261 872 481 923 ponere
496 856 696 917 aufim,
713 872 903 908 unum
913 856 1008 908 vel
1022 856 1273 908 alterum
1284 856 1360 908 ad
1371 856 1667 908 summum
1680 859 1977 914 minutum
1988 859 2051 908 in
2061 872 2197 909 mea
2207 857 2460 908 Lunaris

260 928 582 982 latitudinis
602 927 952 980 limitatione
971 926 1314 979 nullatenus
1334 926 1659 980 defiderari.

331 999 463 1051 Vin‘
485 1006 684 1051 autem
704 998 960 1051 aliorum
978 996 1354 1063 suffragium?
1379 998 1663 1063 liquidem
1681 1002 1830 1050 meis
1849 999 2026 1051 solius
2047 998 2459 1052 observationi-

259 1071 369 1123 bus
389 1086 513 1122 non
532 1073 766 1135 penitus
785 1069 1053 1122 standum
1073 1070 1368 1122 arbitreris
1390 1069 1573 1134 (quod
1597 1069 1769 1122 facile
1795 1070 1868 1122 ab
1894 1072 1966 1135 ijs
1993 1070 2330 1130 admittitur,
2358 1072 2460 1134 qui
2513 1086 2556 1122 10

260 1141 483 1207 ipfimet
508 1141 693 1194 fidera
718 1157 842 1193 non
869 1141 1191 1201 observant,
1219 1156 1328 1193 nec
1354 1147 1578 1205 quanta
1603 1141 1903 1206 diligentia
1929 1148 1984 1194 et
2009 1142 2327 1194 assiduitate
2349 1156 2460 1193 nos

260 1213 398 1265 huic
417 1212 605 1265 labori
624 1213 1038 1265 incumbamus
1058 1211 1299 1276 norunt)
1322 1228 1398 1264 en
1416 1212 1520 1264 tibi
1539 1212 1693 1264 dabo
1712 1212 2034 1277 praestantis
2052 1211 2461 1265 Mathematici

261 1283 855 1337 CHRISTOPHORI
894 1282 1418 1344 ROTHMANNI,
1457 1283 1716 1336 Illustriss.
1749 1284 2002 1348 Principi
2035 1282 2459 1336 GULIELMO

261 1356 476 1408 Hassiae
496 1355 867 1420 Landgravio
894 1357 956 1406 in
983 1357 1270 1420 exercitijs
1289 1355 1710 1407 Astronomicis
1730 1370 1974 1420 operam
2001 1357 2291 1415 navantiS,
2317 1353 2460 1406 testi-

260 1429 533 1479 monium
558 1442 681 1478 non
708 1426 1033 1486 obscurum,
1060 1425 1304 1491 satisque
1330 1425 1586 1487 firmum,
1614 1427 1774 1491 quod
1796 1429 1859 1479 in
1881 1426 2062 1478 literis
2082 1432 2218 1478 ante
2237 1440 2460 1491 paucas
2513 1443 2555 1478 15

260 1498 665 1550 hebdomadas
691 1498 766 1550 ad
791 1513 887 1549 me
914 1497 1243 1562 perscripfit.
1271 1497 1474 1549 Asserit
1501 1501 1659 1549 enim
1685 1500 1751 1559 is,
1777 1497 1833 1550 se
1858 1497 2110 1550 eandem
2128 1497 2249 1549 fere
2268 1497 2459 1549 latitu-
2509 1502 2538 1546 ·1·

261 1570 462 1621 dinem
491 1569 677 1621 Lunae
706 1564 1080 1637 maxi-umam
1110 1568 1502 1620 instrumentis
1530 1569 1829 1634 PrincipiS,
1863 1584 2046 1634 quam
2075 1575 2130 1621 et
2159 1584 2266 1634 ego
2294 1571 2459 1629 meiS‚
2491 1578 2574 1622 97r

262 1639 709 1705 deprehendisse.
737 1640 806 1692 Et
832 1640 1067 1705 insuper
1092 1639 1267 1701 addit,
1296 1646 1469 1705 caput
1490 1640 1783 1692 Draconis
1803 1640 1985 1693 abesse
2006 1655 2044 1692 a
2062 1639 2306 1692 Tabulis
2327 1639 2460 1704 plus

262 1718 516 1776 quatuor
540 1711 830 1776 gradibuS.
859 1711 923 1763 Id
947 1726 1090 1763 vero
1117 1726 1237 1775 qua
1262 1714 1490 1763 ratione
1517 1712 1885 1764 adinvenerit
1905 1718 1960 1764 et
1980 1711 2282 1776 quomodo
2303 1726 2459 1763 com-

260 1782 510 1847 probare
529 1783 703 1847 possit,
725 1798 849 1834 non
868 1782 1058 1835 vide0.
1080 1783 1242 1835 Nam
1261 1782 1358 1834 hic
1377 1782 1510 1835 satis
1528 1783 1827 1835 evidenter
1843 1782 2210 1836 reclamitant
2225 1781 2460 1846 eclipses
2510 1800 2556 1835 20

260 1854 542 1914 LunareS,
565 1869 701 1905 cum
721 1854 754 1904 4
773 1854 988 1918 gradus
1008 1856 1173 1906 iuxta
1192 1854 1382 1906 nodos
1401 1853 1553 1919 ipsos
1572 1854 1943 1907 latitudinem
1957 1854 2145 1906 Lunae
2165 1869 2269 1918 per
2282 1854 2340 1905 21
2353 1855 2459 1905 mi-

259 1931 421 1986 nuta,
448 1925 507 1976 id
535 1924 610 1976 est
634 1926 663 1979 ἐ
689 1927 950 1989 corporis
971 1925 1223 1977 Lunaris
1249 1931 1443 1989 partes
1462 1928 1706 1987 varient,
1734 1925 1895 1990 quod
1916 1925 2053 1978 sane
2073 1927 2137 1976 in
2157 1924 2460 1990 eclipsibus

261 1996 448 2047 Lunae
463 1995 787 2048 admodum
802 1996 928 2047 esset
941 1995 1330 2061 perceptibile,
1352 2011 1389 2048 a
1408 2011 1504 2048 me
1518 2002 1735 2058 tamen,
1755 1999 1836 2049 ita
1849 1996 1905 2048 se
1919 1996 2154 2056 habere,
2175 1995 2460 2049 hactenus

260 2082 383 2118 non
403 2073 784 2132 compertum.
800 2067 1025 2119 Verum
1038 2073 1102 2119 ut
1117 2082 1188 2119 eo
1208 2065 1419 2120 rectius
1438 2074 1699 2119 mentem
1716 2067 2223 2120 ROTHMANNI
2244 2070 2458 2133 capiaS,

260 2141 461 2190 curavi
482 2137 721 2190 describi
739 2138 1090 2202 particulam
1111 2138 1414 2203 quandam
1433 2138 1736 2191 literarum
1756 2138 1931 2203 ipfius
1950 2154 2141 2203 nuper
2158 2138 2233 2191 ad
2251 2154 2346 2190 me
2361 2139 2458 2191 da·
2509 2157 2555 2191 25

259 2216 470 2270 tarum,
497 2212 559 2261 in
586 2225 705 2273 qua
732 2209 878 2270 haec,
906 2225 1042 2274 quae
1069 2209 1259 2262 refero
1283 2210 1354 2262 de
1377 2209 1685 2262 latitudine
1706 2210 1894 2262 Lunae
1913 2212 2178 2262 maxima
2197 2217 2252 2262 et
2271 2210 2459 2270 nodiS‚

259 2283 409 2332 inter
435 2282 712 2345 quaedam
738 2281 857 2333 alia
883 2283 1272 2334 continentur.
1300 2281 1569 2333 Mifissem
1594 2282 1696 2334 tibi
1721 2284 2013 2347 integrum
2037 2281 2340 2334 literarum
2364 2296 2459 2333 ex-

261 2351 502 2416 emplar,
528 2351 623 2403 sed
643 2351 1038 2404 Amanuenfis
1058 2368 1228 2404 meus
1247 2352 1393 2405 illud
1414 2353 1565 2405 adeo
1590 2352 1938 2414 festinanter,
1965 2352 2097 2418 alijS
2123 2358 2459 2418 occupatuS,

258 2422 634 2475 transcribere
660 2426 941 2488 nequivit.
972 2423 1120 2476 Sunt
1147 2426 1307 2476 enim
1335 2423 1683 2488 prolixiores
1710 2430 1766 2476 et
1791 2424 2016 2489 aliquot
2042 2426 2460 2489 quaterniones

259 2494 597 2559 adimplent.
624 2495 821 2559 Atque
842 2494 972 2547 haec
992 2495 1064 2547 de
1083 2494 1392 2547 latitudine
1412 2495 1600 2548 Lunae
1620 2498 1884 2548 maxima
1903 2512 1940 2548 a
1958 2511 2055 2548 me
2076 2494 2378 2547 constituta
2395 2494 2459 2547 fit
2508 2512 2555 2547 30

259 2565 547 2630 replicasse
562 2566 711 2626 satis,
728 2567 941 2631 quibus
954 2566 995 2618 fi
1009 2565 1112 2618 tibi
1126 2566 1321 2619 adhuc
1336 2582 1460 2618 non
1473 2565 1819 2620 satisfactum
1834 2566 1924 2628 est,
1945 2573 2065 2619 tute
2080 2566 2460 2619 instrumenta

258 2637 475 2689 idonea
488 2637 755 2702 nullique
771 2640 953 2689 errori
966 2638 1226 2690 obnoxia
1237 2638 1486 2690 construi
1501 2653 1659 2699 cura,
1676 2644 1731 2690 et
1745 2638 1964 2690 coelum
1978 2638 2165 2703 ipsum
2180 2637 2459 2702 inspicere

260 2711 719 2773 examinareque
735 2708 900 2768 disce,
920 2708 1260 2773 priusquam
1275 2709 1531 2761 aliorum
1544 2712 1786 2762 inventa
1800 2709 2001 2762 crebro
2015 2709 2266 2774 vigilatis
2280 2707 2458 2761 nocti-

259 2779 367 2830 bus
380 2794 452 2830 ex
463 2779 583 2843 ipsa
595 2779 808 2832 coelesti
820 2780 1223 2832 observatione
1236 2786 1290 2832 et
1301 2796 1426 2832 non
1436 2783 1499 2832 in
1509 2784 1825 2845 vaporario
1838 2796 1910 2833 ex
1925 2780 2139 2833 chartis
2154 2780 2459 2844 depromta

259 2850 359 2902 sub
381 2850 806 2903 dubitationem
825 2867 1038 2904 vocare
1057 2851 1466 2916 praesumseris.
2507 2868 2553 2903 35

330 2921 529 2974 Postea
554 2922 1038 2987 recapitulatione
1066 2923 1326 2987 quadam
1351 2925 1531 2975 uteris
1559 2938 1782 2983 eorum,
1811 2938 1946 2987 quae
1972 2922 2345 2987 sequentibus
2366 2937 2457 2975 ca-

260 2992 474 3055 pitibus
500 2995 710 3057 prioris
735 2997 915 3058 partis
942 2993 1404 3059 comprehendo;
1432 2994 1592 3058 quod
1615 3000 1814 3046 autem
1835 2993 2052 3046 ibidem
2073 2993 2308 3058 oblique
2329 2992 2457 3045 infi-

260 3078 428 3122 nuaS,
443 3079 538 3114 me
550 3065 882 3126 asseverare‚
896 3065 1210 3117 Cometam
1220 3065 1504 3117 circulum
1517 3064 1865 3130 descripfisse,
1882 3068 2153 3130 quamvis
2164 3065 2458 3117 interdum

261 3135 523 3197 quinque
541 3141 642 3186 aut
661 3135 1038 3199 paucioribus
1056 3136 1339 3201 scrupulis
1359 3136 1434 3188 ab
1455 3135 1658 3189 exacta
1676 3136 2011 3202 peripheria
2027 3135 2458 3188 observationes

262 3204 597 3265 dissentiant,
624 3206 684 3257 id
708 3222 850 3258 vero
878 3207 1018 3271 quid
1046 3207 1120 3259 est
1146 3208 1325 3268 aliud,
1353 3223 1534 3272 quam
1559 3208 1786 3260 nodum
1812 3210 1875 3259 in
1899 3207 2083 3272 scirpo
2109 3205 2412 3271 quaerere?
2435 3201 2457 3274 ΙΙ
2505 3222 2553 3258 4ο
2640 3220 2644 3223 ’

262 3274 422 3326 Nam
441 3275 542 3327 ista
561 3279 879 3341 perexigua
898 3277 1243 3338 differentia,
1271 3294 1406 3343 quae
1430 3282 1616 3343 quina
1634 3278 1904 3343 scrupula
1923 3294 2047 3330 non
2067 3277 2307 3337 excedit,
2335 3280 2456 3329 imo
2488 3285 2576 3329 97v

260 3346 533 3397 rarissime
555 3362 626 3398 ea
646 3350 870 3413 attingit
891 3355 944 3400 et
964 3350 1355 3413 utplurimum
1375 3352 1438 3401 in
1457 3366 1581 3402 uno
1600 3350 1696 3402 vel
1716 3350 1901 3402 altero
1920 3349 2191 3414 scrupulo
2206 3348 2307 3401 fibi
2321 3363 2456 3470 effn-

2381 3425 2455 3480 at,
