2644 4030
294 313 399 364 262
827 308 1265 362 EPISTOLAE
1290 308 1960 363 ASTRONOMICAE

295 455 565 505 omnium
598 452 866 504 Creatori
900 451 1033 503 Deo
1066 466 1138 503 ex
1171 453 1374 502 animo
1405 457 1461 503 te
1495 451 1935 504 commendans.
1973 453 2028 504 Is
2061 458 2117 505 te
2152 455 2216 505 in
2250 453 2493 519 Reipub.

293 531 413 576 tam
430 522 683 587 politicae
700 538 881 586 quam
897 522 1188 582 literariae,
1207 529 1626 574 ornamentum
1641 528 1696 574 et
1710 523 2178 576 emolumentum
2193 525 2494 578 diutissime

293 597 522 659 magnis
543 594 714 645 donis
729 600 784 645 et
797 595 976 658 varijs
995 593 1167 645 bonis
1187 592 1496 645 florentem
1518 593 1860 646 conservare
1881 595 2164 660 dignetur.
2186 596 2350 656 Vale,
2372 612 2494 648 am-

292 666 529 730 plissime
549 667 654 725 vir,
683 671 859 729 atque
885 664 1015 716 haec
1038 667 1191 716 inter
1209 664 1495 728 plurimas
1515 665 1664 717 alias
1685 681 1855 718 curas
1876 673 2117 718 exarata
2136 682 2244 731 pro
2263 673 2366 719 tuo
2386 667 2493 719 fin-

292 736 481 802 gulari
502 735 757 787 candore
779 738 938 799 aequi
956 735 1218 799 bonique
1239 735 1491 796 consule,
1517 752 1732 800 meque
1755 744 1860 789 tua
1882 737 2298 790 benevolentia
2317 744 2494 803 atque
2543 755 2566 791 5

293 823 512 866 amore,
535 806 695 871 quod
715 806 874 866 facis,
895 809 958 858 in
977 806 1270 871 posterum
1291 805 1596 871 complecti
1613 823 1738 859 non
1755 810 2084 860 intermitte.
2107 809 2230 874 Ego
2243 810 2494 871 vicissim,

293 886 583 943 quantum
603 880 666 929 in
685 894 781 929 me
803 878 893 937 est,
916 893 1274 942 quocunque
1295 893 1507 943 genere
1528 878 1703 944 officij
1727 878 1914 940 liceat,
1935 885 1991 931 te
2012 879 2300 932 demereri
2319 895 2494 933 cona-

291 950 413 1009 bor,
429 955 606 1013 atque
621 950 696 1001 ad
711 948 1160 1014 gratificandum
1171 956 1454 1013 perpetuo
1467 965 1650 1014 quam
1660 951 2076 1014 paratissimum
2086 966 2183 1003 me
2193 951 2494 1016 praestabo,

292 1021 526 1081 Iterum,
556 1023 640 1071 mi
666 1020 923 1081 CURTI,
954 1022 1143 1072 amice
1171 1023 1402 1082 eximie,
1429 1021 1579 1074 vale.
1611 1021 1786 1073 Datae
1807 1021 2167 1088 Uraniburgi
2187 1023 2280 1074 die
2302 1025 2495 1088 primo

291 1091 534 1157 Augusti
553 1094 736 1143 veteri
755 1091 896 1158 stylo
916 1092 1098 1144 Anno
1120 1091 1263 1144 1590.
2547 1109 2590 1145 10

293 1267 342 1313 [E
364 1268 508 1304 codice
527 1267 848 1304 vindobonensi
867 1268 935 1304 lat.
960 1267 1132 1312 1068660]
2543 1270 2573 1314 -1-

294 1355 973 1429 CLARISSIMO
1013 1355 1153 1427 ET
1187 1355 2182 1431 PRAESTANTISSIMO
2204 1356 2493 1444 VIRO,
2526 1381 2616 1425 4ov

325 1459 957 1523 MULTIPLICIQUE
983 1460 1589 1512 DOCTRINARUM
1618 1460 1938 1512 GENERE
1966 1460 2464 1513 EXCELLENTI

417 1543 755 1596 DOMINO
781 1543 1215 1595 THADDAEO
1243 1542 1619 1595 HAGECIO
1646 1544 1751 1595 AB
1780 1544 2076 1604 HAYCK,
2103 1544 2371 1597 PHILO-

583 1626 898 1679 SOPHIAE
925 1626 1024 1678 ET
1050 1626 1482 1679 MEDICINAE
1509 1626 1868 1679 DOCTORI
1896 1627 2204 1687 ΕΧΙΜΙΟ,
2549 1644 2592 1680 ι5

758 1709 1029 1762 AMICO
1057 1709 1214 1762 SUO
1241 1709 1593 1832 ΙΝΡέὶΙΜΙΞ
1622 1710 2029 1763 COLENDO.
2558 1791 2586 1835 3

1408 1823 1419 1833 .
2526 1792 2555 1836 3
2593 1800 2610 1819 r

333 1930 336 1933 ,
575 1928 598 1944 ,ἱ
626 1875 719 1952 Ὅ)
756 1875 933 1928 UOD
942 1875 1163 1927 ultimis
1174 1875 1660 1928 illisbrevioribus
1671 1891 1775 1940 per
1784 1875 2118 1928 Studiorum
2127 1875 2495 1928 Rostochien-

387 1989 388 1993 ,
409 1971 439 2009 -r
455 1972 459 1974 *
476 1950 486 1997 s
499 1955 619 2030 (⁶322
633 1999 635 2001 .
697 1948 717 1969 ἶ
755 1947 874 1999 sem
887 1948 1057 1998 missis
1070 1946 1456 2011 pollicebariS‚
1471 1950 1690 2012 optime
1703 1953 1757 1999 et
1769 1948 2135 1999 eruditissime
2147 1950 2230 1999 mi
2237 1946 2495 1999 THAD-

315 2025 336 2081 ῑςζ
554 2015 654 2083 ῥςῗῇΛ
716 2070 718 2072 ,
757 2018 959 2079 DAEE,
987 2020 1175 2070 amice
1203 2018 1606 2079 colendissime,
1633 2018 1692 2070 id
1717 2021 1839 2070 iam
1865 2034 2024 2070 nunc
2049 2018 2181 2071 satis
2206 2018 2494 2084 superque
2544 2037 2591 2072 20

446 2070 656 2154 ⁴]
717 2098 719 2116 ³
755 2089 1073 2155 praestitum
1085 2089 1421 2142 est.Accessit
1434 2091 1594 2141 enim
1604 2088 1758 2141 hisce
1771 2089 2496 2142 diebusTabellariusPra-

486 2160 517 2178 '*
635 2172 637 2174 ’
755 2160 939 2226 gensis
959 2162 1083 2212 una
1103 2176 1239 2212 cum
1252 2176 1412 2213 novo
1427 2160 1736 2226 Privilegio
1752 2161 2042 2221 Caesare0‚
2062 2160 2360 2227 magnifici
2374 2161 2495 2213 Do-

499 2260 518 2267 ·-
754 2235 902 2284 mini
919 2232 1186 2294 CURTIJ
1200 2232 1443 2297 tuasque
1461 2232 1658 2284 literas
1672 2232 1867 2284 secum
1884 2232 2203 2298 asportanS,
2222 2247 2358 2297 quae
2373 2247 2496 2285 om-

291 2306 392 2356 nia
402 2303 551 2355 mihi
562 2311 728 2356 erant
742 2303 915 2369 longe
928 2305 1325 2369 acceptissima‚
1341 2304 1562 2368 tibique
1575 2319 1723 2368 quas
1734 2305 1955 2368 possum
1966 2319 2077 2370 ago
2089 2307 2320 2369 gratiaS,
2337 2304 2498 2368 quod

291 2375 366 2427 ad
393 2375 830 2439 impetrandum
855 2374 1004 2426 mihi
1025 2390 1062 2427 a
1082 2375 1355 2427 Caesarea
1375 2375 1680 2427 Maiestate
1706 2374 1821 2427 hoc
1845 2376 1916 2428 de
1940 2391 2099 2428 novo
2119 2375 2496 2441 Privilegium
2545 2393 2591 2428 25

291 2446 700 2511 amplissimum
729 2446 1062 2498 Dominum
1091 2446 1627 2499 Procancellarium
1654 2450 2033 2511 permoveris,
2065 2446 2155 2498 Est
2184 2446 2321 2499 sane
2351 2445 2497 2499 illud

289 2518 422 2570 satis
447 2517 816 2582 splendidum
842 2525 1019 2583 atque
1049 2517 1463 2578 honorificum,
1492 2520 1555 2569 in
1583 2534 1702 2582 quo
1729 2534 1853 2570 non
1881 2517 2154 2579 habeam,
2184 2517 2344 2583 quod
2373 2533 2496 2570 am-

289 2589 443 2654 plius
465 2589 798 2641 desiderem.
821 2590 1034 2654 Neque
1055 2589 1096 2641 fi
1118 2589 1500 2642 Gallicanum
1522 2590 1597 2641 ad
1616 2604 1722 2641 vos
1742 2590 2080 2654 pervenisset
2101 2589 2285 2654 (quod
2304 2589 2496 2642 nescio

290 2676 409 2725 qua
437 2662 667 2713 incuria
695 2661 1071 2721 interciderit;
1102 2677 1297 2726 neque
1328 2664 1488 2713 enim
1515 2660 1879 2725 transcriptio
1908 2660 2027 2722 illa,
2059 2676 2241 2725 quam
2268 2663 2496 2713 mittere

289 2733 683 2792 intendebam,
711 2732 938 2797 uspiam
964 2732 1061 2783 hic
1087 2731 1395 2797 reperitur)
1422 2732 1677 2784 multum
1703 2733 1779 2784 ad
1805 2734 2019 2798 negotij
2043 2731 2393 2796 ampliorem
2414 2738 2495 2784 at·
2545 2749 2592 2784 30

291 2818 406 2867 que
426 2803 759 2855 solidiorem
784 2803 1212 2855 absolutionem
1234 2803 1576 2868 praestitisset.
1605 2802 1861 2869 Expecto
1882 2803 2077 2856 adhuc
2097 2803 2260 2855 aliud
2279 2819 2318 2855 a
2336 2818 2495 2855 novo

289 2874 392 2926 illo
414 2874 752 2927 Galliarum
773 2875 925 2940 Rege
947 2875 1294 2936 Navarraeo,
1322 2874 1417 2926 sed
1437 2877 1537 2926 vix
1559 2877 1687 2939 pari
1709 2890 1846 2940 erga
1864 2875 2049 2927 studia
2069 2874 2496 2927 Mathematica

291 2944 616 3006 affectione,
640 2962 775 2998 cum
795 2946 961 3007 nulli,
983 2946 1143 3010 quod
1162 2946 1355 3006 sciam,
1377 2949 1440 2998 in
1459 2946 1632 2998 Aulis
1653 2946 1877 3011 Regum
1898 2946 1971 2998 ab
1992 2948 2212 2998 intimis
2232 2945 2338 2997 sint
2358 2961 2494 2998 con-

289 3016 391 3081 filij
398 3032 441 3077 S,
464 3020 565 3081 qui
580 3016 954 3069 Mathemata
969 3018 1119 3069 adeo
1136 3017 1394 3083 impense
1412 3024 1589 3082 atque
1609 3017 1788 3070 solide
1808 3033 1933 3069 non
1952 3017 2140 3069 solum
2161 3023 2378 3077 ament,
2398 3016 2494 3069 sed

291 3089 469 3139 etiam
482 3088 822 3153 intelligant,
838 3095 1015 3153 atque
1029 3089 1515 3154 praestantissimus
1529 3088 1627 3141 ille
1639 3089 1938 3140 Dominus
1951 3087 2310 3149 CURTIUS,
2326 3090 2494 3140 cuius
2543 3104 2590 3139 35

290 3158 576 3210 beneficio
590 3159 1010 3211 Caesareanum
1022 3160 1135 3211 hoc
1148 3160 1432 3225 Diploma
1443 3162 1821 3224 impetratum
1835 3166 2011 3225 atque
2024 3160 2379 3212 adornatum
2391 3160 2494 3211 esse

290 3235 453 3294 grata
472 3236 668 3281 mente
689 3231 954 3295 agnosc0.
977 3231 1090 3283 Sed
1111 3247 1246 3283 cum
1266 3231 1489 3296 ipfimet
1502 3230 1615 3283 hac
1631 3232 1702 3284 de
1717 3246 1779 3283 re
1795 3237 1850 3283 et
1862 3234 1950 3296 ijs,
1974 3246 2109 3295 quae
2125 3231 2496 3283 eruditissima

290 3299 465 3364 ipfius
480 3300 732 3364 Epistola
747 3305 1135 3363 continentur,
1156 3302 1418 3362 scribam,
1440 3302 1582 3354 nolo
1599 3317 1670 3355 ea
1683 3302 1950 3367 pluribus
1967 3302 2065 3354 hic
2079 3304 2377 3367 attingere,
2397 3300 2495 3354 sed

290 3373 486 3435 potius
502 3371 576 3423 ad
591 3371 1063 3436 respondendum
1078 3373 1230 3425 hisce
1245 3376 1360 3426 tuis
1374 3373 1596 3425 ultimis
1615 3373 1949 3438 procedam.
1972 3374 2040 3425 In
2061 3374 2274 3437 quibus
2293 3379 2495 3424 tamen

2357 3458 2491 3495 eam

322 2232 390 2267 l<
456 2191 542 2217 ω
599 2207 700 2247 Q
