2664 4030
258 321 327 374 74
792 316 1233 371 EPISTOLAE
1258 314 1930 370 ASTRONOMICAE

258 460 597 515 fallibilibus
618 460 1207 513 demonstrationibus
1226 474 1352 512 rem
1373 473 1614 512 omnem
1633 464 1759 510 tum
1779 460 1842 511 in
1860 464 2029 509 motu
2043 462 2098 508 et
2110 455 2217 508 fitu
2237 471 2461 518 eorum,

258 540 386 586 tum
399 535 462 585 in
475 531 877 598 parallaxibus
898 532 1299 597 comprobare.
1322 525 1343 599 ΙΙ
1364 531 1526 583 Nam
1546 529 1706 595 quod
1726 529 2010 595 quasdam
2030 527 2463 581 observationes
2492 537 2580 581 20v

259 605 356 657 hic
370 604 602 657 habitas
615 606 678 656 in
693 603 944 656 Cometa
958 605 1102 656 anni
1116 603 1186 655 80
1200 618 1237 655 a
1249 601 1694 654 WITTICHIO
1710 602 2021 666 acceperiS,
2043 605 2098 652 et
2117 599 2255 652 inde
2270 599 2462 664 paral-

259 676 423 728 laxes
450 675 730 741 indagare
757 682 1003 727 conatus
1029 673 1226 734 fueriS‚
1254 672 1455 726 oleum
1482 679 1537 725 et
1562 687 1807 737 operam
1831 670 2138 737 perdidisti.
2165 670 2464 736 Tempora

262 750 421 800 enim
448 763 520 800 ex
547 746 781 799 diverfis
807 745 1130 810 horologijs
1151 751 1206 796 et
1224 743 1428 810 ijsdem
1447 744 1718 797 nondum
1736 743 1870 796 satis
1891 741 2159 796 corredtis
2179 748 2465 795 annotata
2513 759 2535 794 5

262 825 443 881 erant,
464 833 573 870 nec
587 817 751 869 illam
766 816 1170 869 discretionem
1184 815 1557 877 adhibueraS,
1576 830 1857 880 quaenam
1871 817 2119 867 certiora
2132 814 2264 880 alijs
2278 814 2463 874 essent,

262 896 316 942 et
328 905 463 955 quae
474 889 575 941 fibi
587 891 841 940 invicem
851 891 914 940 in
926 887 1187 952 quolibet
1199 886 1509 952 horologio
1524 886 2055 951 corresponderent‚
2066 885 2256 939 multo
2266 887 2465 937 minus

261 968 325 1013 ut
352 975 456 1025 per
483 959 753 1012 tranfitus
781 958 1077 1011 stellarum
1105 958 1220 1010 five
1246 973 1351 1023 per
1377 957 1784 1010 Meridianum
1809 957 1924 1010 five
1949 973 2054 1022 per
2079 963 2303 1010 certum
2328 957 2465 1008 Azi-

260 1031 447 1092 muth‚
468 1037 642 1096 prout
661 1031 1039 1082 necessarium
1060 1036 1199 1091 erat,
1222 1035 1278 1082 et
1291 1045 1328 1082 a
1340 1029 1512 1082 nobis
1531 1027 1727 1093 postea
1746 1026 2069 1082 factitatum
2089 1028 2180 1090 est,
2202 1044 2274 1081 ea
2291 1030 2464 1081 corri-

261 1118 441 1170 gereS‚
462 1102 613 1155 adeo
633 1108 697 1154 ut
717 1101 792 1154 ob
811 1101 871 1154 id
891 1101 1156 1166 pluribus
1176 1103 1419 1154 minutis
1439 1100 1659 1165 ubique
1679 1099 1800 1152 sere
1820 1100 2158 1153 aberratum
2176 1099 2255 1160 fit,
2276 1106 2340 1152 ut
2359 1102 2465 1151 mi-
2519 1115 2563 1151 ιο

262 1189 396 1227 rum
426 1174 529 1226 esse
558 1189 683 1226 non
712 1172 936 1234 debeat,
970 1173 1131 1238 quod
1159 1179 1387 1225 tantam
1416 1174 1480 1224 in
1507 1171 1910 1237 parallaxibus
1940 1170 2352 1224 constituendis
2380 1173 2466 1223 in-

263 1247 756 1305 convenientiam,
779 1245 854 1297 ob
873 1251 1210 1309 temporum
1229 1243 1703 1296 incertitudinem
1722 1245 2035 1296 inveneris
2065 1242 2187 1308 Ego
2206 1258 2349 1295 vero
2370 1241 2469 1294 etfi

261 1324 530 1382 tempora
550 1319 754 1369 omnia
773 1315 942 1369 aliter
956 1313 1215 1368 corred’ta
1227 1314 1500 1377 habeam,
1523 1329 1705 1380 quam
1717 1317 1911 1380 prima
1923 1313 2113 1367 fronte
2127 1313 2469 1380 praebebant

262 1389 384 1454 ipsa
409 1388 735 1453 horologia,
762 1394 964 1440 tamen
988 1390 1052 1439 in
1076 1386 1479 1452 parallaxibus
1501 1385 1851 1451 indagandis
1870 1385 2044 1452 longe
2065 1387 2295 1438 certiori
2313 1387 2470 1438 nitor

263 1463 509 1521 ratione,
541 1474 723 1525 quam
751 1459 853 1512 ubi
880 1461 1160 1523 temporis
1190 1473 1340 1523 opus
1369 1457 1432 1510 fit
1461 1457 1789 1510 intervallo,
1820 1457 1906 1510 Ibi
1932 1459 2093 1509 enim
2120 1472 2193 1509 ex
2217 1458 2468 1509 minimo
2522 1472 2564 1508 15

263 1547 534 1598 peneque
560 1530 871 1583 insenfibili
897 1545 1094 1582 errore
1119 1532 1418 1582 maximus
1439 1535 1493 1581 et
1512 1528 1897 1582 intolerabilis
1923 1535 2353 1594 augmentatur.
2380 1527 2469 1580 Id-

266 1618 456 1668 eoque
476 1602 608 1667 alijs
629 1601 976 1667 quibusdam
995 1601 1339 1662 rationibuS,
1360 1601 1461 1654 ubi
1482 1600 1766 1666 exquifita
1783 1602 2064 1665 temporis
2079 1602 2332 1666 cognitio
2346 1614 2471 1652 non

265 1676 596 1740 requiritur,
617 1673 904 1738 inquifivi,
925 1679 1048 1725 tam
1066 1671 1227 1725 hunc
1248 1687 1431 1737 quam
1450 1671 1894 1725 antecedentem
1914 1670 2229 1724 Cometam
2256 1671 2342 1735 (in
2360 1677 2470 1723 ter-

264 1748 347 1798 tio
374 1748 534 1798 enim
559 1745 830 1797 nondum
855 1743 965 1796 feci
989 1743 1335 1809 periculum,
1362 1759 1472 1796 nec
1497 1743 1649 1796 adeo
1675 1742 1845 1796 facile
1876 1745 1983 1795 erit
2011 1742 2288 1808 possibile)
2318 1757 2470 1807 pene

265 1816 652 1869 insensibilem
671 1816 928 1868 habuisse
947 1815 1298 1880 parallaxin,
1320 1814 1826 1880 quemadmodum
1845 1813 1976 1867 haec
1991 1820 2047 1866 et
2060 1813 2180 1867 alia
2193 1813 2472 1879 quaedam
2520 1829 2567 1865 20

265 1888 616 1940 sufficienter
630 1903 703 1939 ex
718 1890 886 1939 certis
898 1885 1399 1939 observationibus
1414 1885 1794 1939 demonstrari
1807 1885 2109 1951 intelligeS,
2125 1885 2227 1938 ubi
2240 1884 2472 1937 libellus

266 1959 456 2012 noster
476 1959 548 2011 de
568 1965 691 2011 tota
709 1958 822 2011 hac
841 1960 1091 2010 materia
1109 1960 1173 2010 in
1192 1958 1387 2011 lucem
1411 1957 1708 2023 prodierit,
1736 1972 1916 2022 quem
1940 1956 2106 2022 spero
2128 1971 2224 2009 me
2243 1972 2350 2022 per
2367 1955 2471 2022 hy-

265 2031 518 2083 bernum
545 2033 750 2090 otium,
781 2029 915 2082 Deo
942 2036 1188 2082 conatus
1214 2029 1437 2081 nostros
1463 2029 1800 2091 adiuvante,
1830 2028 2251 2082 absoluturum.
2278 2027 2473 2080 Velim

267 2105 466 2167 itaque
480 2101 631 2154 nihil
643 2116 916 2154 mearum
927 2100 1403 2154 observationum
1416 2103 1480 2153 in
1492 2100 1796 2166 publicum
1810 2100 1967 2162 edas,
1980 2099 2322 2165 priusquam
2334 2098 2474 2151 hinc

269 2176 478 2226 certior
502 2171 689 2226 factus
714 2172 912 2234 fueriS‚
940 2187 1222 2238 quaenam
1246 2172 1311 2225 fit
1335 2187 1472 2225 mea
1495 2171 1566 2224 de
1589 2171 1683 2225 his
1702 2171 2001 2233 sententia,
2023 2187 2061 2224 a
2080 2186 2200 2236 qua
2217 2177 2274 2223 te
2293 2170 2472 2236 pluri·
2522 2186 2569 2222 25

267 2260 435 2297 mum
461 2245 642 2297 abesse
670 2251 724 2296 et
749 2243 1113 2310 temporibus
1138 2246 1373 2296 incertis
1397 2246 1763 2309 minimeque
1790 2241 2059 2296 correctis
2084 2245 2256 2295 inniti
2280 2241 2473 2303 vide0‚

271 2323 325 2369 et
338 2318 540 2368 mirari
553 2316 686 2368 satis
701 2331 825 2368 non
837 2316 1059 2381 possum
1069 2315 1591 2369 WITTICHIUM
1604 2315 1707 2368 tibi
1720 2321 1990 2380 tempora
2000 2313 2475 2367 observationum

268 2387 608 2453 transpofita
628 2394 682 2439 et
700 2402 805 2453 per
824 2386 1094 2440 tranfitus
1113 2387 1408 2439 stellarum
1422 2382 1443 2456 ΙΙ
1456 2389 1703 2440 minime
1722 2386 2024 2439 verificata
2044 2385 2317 2446 obtulisse,
2339 2400 2475 2438 cum
2504 2393 2559 2437 21
2571 2402 2588 2421 r

269 2466 470 2512 tamen
483 2458 707 2523 ipsimet
719 2457 989 2524 praesenti
1003 2458 1253 2510 dixerim
1265 2457 1588 2525 horologijs
1601 2473 1726 2511 non
1741 2459 1844 2510 esse
1856 2456 2178 2518 fidendum,
2192 2456 2288 2509 sed
2301 2456 2475 2522 longe

271 2533 633 2583 accuratiore
667 2530 1081 2582 emendatione
1114 2545 1264 2594 opus
1297 2530 1417 2582 esse.
1452 2529 1762 2593 Quantum
1790 2530 1867 2582 ad
1896 2529 2190 2582 distantias
2218 2527 2475 2580 fixarum
2523 2544 2571 2580 30

271 2602 638 2667 indagandas
663 2604 883 2663 attinet,
912 2616 1020 2667 ego
1045 2616 1171 2653 non
1195 2600 1451 2666 amplius
1477 2600 1657 2653 fidem
1680 2600 1935 2653 adhibeo
1956 2599 2143 2653 Radio
2163 2599 2380 2652 multas
2400 2599 2476 2652 ob

274 2673 492 2734 causas,
521 2688 669 2738 quas
695 2673 873 2739 longa
891 2672 1040 2725 foret
1058 2687 1230 2724 mora
1248 2671 1346 2724 hic
1366 2671 1680 2724 recensere.
1708 2672 1822 2724 Sed
1841 2671 1963 2737 post
1982 2670 2275 2724 discessum
2293 2669 2476 2723 WIT-

271 2744 524 2807 TICHIJ
537 2745 657 2797 duo
672 2744 954 2810 exquifita
967 2743 1348 2796 instrumenta
1360 2745 1423 2796 in
1436 2743 1597 2795 hunc
1611 2743 1782 2795 usum
1796 2743 2092 2804 adinveni,
2106 2758 2241 2807 quae
2252 2741 2478 2806 semper

274 2816 526 2869 eandem
555 2816 884 2868 distantiam
911 2818 975 2868 in
1002 2814 1273 2880 scrupulo
1301 2815 1582 2880 praebent‚
1612 2814 1763 2867 adeo
1791 2820 1855 2866 ut
1883 2829 1992 2866 nec
2020 2816 2084 2865 in
2112 2810 2341 2866 defedtu
2368 2827 2478 2865 nec

275 2888 495 2940 excessu
521 2887 794 2940 aberrare
819 2888 1038 2952 possint.
1067 2886 1313 2952 Oportet
1338 2892 1539 2938 autem
1563 2888 1627 2938 in
1652 2892 1903 2949 utroque
1925 2884 2307 2936 instrumento
2327 2883 2477 2936 duos
2526 2900 2573 2936 35

275 2960 395 3019 esse,
423 2962 525 3023 qui
546 2958 865 3011 observent.
893 2959 963 3011 Et
983 2960 1256 3023 quamvis
1275 2963 1593 3022 utrumque
1618 2956 2068 3008 instrumentum
2093 2955 2215 3021 ipsa
2232 2954 2477 3008 fabrica-

274 3032 435 3082 tione
466 3030 639 3095 longe
671 3029 917 3091 differat,
949 3036 1152 3082 tamen
1179 3031 1242 3081 in
1271 3028 1532 3094 quolibet
1564 3028 1774 3081 eadem
1803 3033 1859 3079 et
1886 3026 1987 3079 fibi
2019 3026 2478 3091 correspondens

277 3100 554 3165 exquifite
574 3101 638 3152 fit
659 3101 1000 3154 observati0.
1028 3101 1121 3154 Sic
1140 3116 1251 3153 nos
1273 3115 1378 3165 per
1397 3099 1527 3152 haec
1546 3101 1884 3152 invenimus
1905 3098 2233 3151 distantiam
2258 3097 2479 3163 polaris

277 3171 352 3224 ab
372 3172 687 3224 undecima
708 3172 1026 3237 Cassiopeae
1047 3188 1101 3237 p.
1123 3172 1193 3224 26
1212 3188 1289 3224 m.
1310 3172 1378 3225 25
1400 3170 1678 3236 exquifite
1707 3170 1834 3235 (nifi
1860 3169 2020 3235 quod
2045 3169 2369 3235 aliquando
2395 3169 2478 3221 di-

276 3243 461 3295 midio
480 3242 752 3307 scrupulo
771 3246 968 3295 minor
987 3243 1301 3309 apparuit),
1323 3258 1506 3308 quam
1520 3249 1585 3295 tu
1598 3242 1632 3294 9
1644 3243 1888 3294 minutis
1900 3243 2193 3293 maiorem
2207 3240 2477 3293 collocas.
2527 3255 2575 3291 40

279 3314 372 3367 Sic
399 3317 577 3366 etiam
602 3316 666 3366 in
691 3314 823 3380 alijs
849 3314 1156 3367 discrimen
1180 3317 1399 3376 inveni,
1426 3314 1499 3366 de
1526 3329 1646 3378 quo
1665 3313 1786 3366 alio
1805 3319 2068 3378 tempore
2088 3318 2284 3365 tecum
2302 3311 2479 3364 latius

279 3385 596 3437 conferam.
613 3385 681 3437 In
692 3385 1084 3444 declinatione
1099 3386 1288 3450 Spicae
1298 3384 1528 3438 nullam
1539 3383 1931 3437 differentiam
1945 3386 2096 3436 inter
2105 3390 2238 3436 tuas
2250 3389 2304 3435 et
2314 3398 2479 3435 meas

2047 3454 2479 3507 observationes
