2644 4030
125 1086 167 1121 10

124 1442 166 1478 15

119 1787 165 1834 20

118 2157 165 2191 25

396 285 699 339 TYCHO
726 286 848 338 AD
875 286 1106 339 IOAN.
1135 285 1331 338 ANT.
1361 286 1802 339 MAGINUM
1830 287 1849 337 l
1877 287 2066 339 DEC.
2095 287 2240 339 1590
2325 287 2416 339 291

218 431 679 494 recognitionem
710 434 887 493 atque
918 428 1020 480 sub
1051 428 1309 493 proelum
1344 431 1783 481 revocationem
1818 429 2188 494 aliquamdiu
2222 428 2416 481 adhuc

218 499 606 565 protraheres‚
634 499 823 551 donec
843 503 1094 564 acceptis
1113 500 1334 560 nostriS,
1362 503 1424 553 in
1444 500 1553 560 his,
1580 500 2035 561 inventionibuS,
2058 499 2416 553 rectificatio-

217 571 502 636 nibusque
527 570 631 636 ipfi
657 571 810 623 coelo
837 587 1099 637 congrua
1122 587 1470 636 proponere,
1497 578 1674 636 atque
1696 571 1826 637 alijs
1846 575 2073 636 aperire
2095 573 2417 624 concessum

216 642 404 694 fuerit.
427 641 582 706 Quae
603 644 763 693 enim
782 641 1067 695 hactenus
1088 645 1150 694 in
1170 643 1277 695 usu
1297 643 1477 704 fuere,
1498 643 1612 695 five
1635 642 2036 707 Alphonfinae,
2061 643 2174 695 five
2197 643 2415 708 Coper-

216 715 402 766 niceae
417 713 462 765 F
463 716 698 765 ixarum
711 712 1111 775 restitutioneS‚
1130 714 1204 766 ab
1219 715 1340 779 ipso
1356 714 1508 766 coelo
1522 721 1644 766 toto
1659 730 1810 779 pene
1826 715 1977 766 coelo
1993 715 2246 775 deviant,
2265 714 2415 766 adeo

216 791 280 837 ut
299 800 375 837 ne
395 800 519 837 una
538 784 778 849 quidem
797 784 861 836 fit
879 787 1030 837 inter
1054 792 1138 837 tot
1162 785 1366 846 stellaS‚
1394 801 1530 850 quae
1558 785 1769 837 coelesti
1795 801 2024 837 normae
2051 785 2416 838 conformem

217 855 646 920 dispositionem
664 855 862 908 sortita
880 856 959 916 fit,
982 872 1117 908 cum
1138 863 1192 908 et
1212 857 1334 921 ipsa
1348 864 1413 922 ‘np
1430 856 1618 922 Spica,
1641 873 1760 921 qua
1778 856 1900 909 sola
1915 857 2416 909 COPERNICUS

216 926 353 980 usus
380 926 470 988 est,
496 929 696 978 minus
721 927 978 992 appofite
1005 928 1079 979 ab
1106 927 1227 992 ipso
1249 928 1519 980 ordinata
1545 928 1623 987 fit,
1652 931 1875 980 caeteris
1897 928 2172 980 omnibus
2193 929 2268 980 ad
2288 931 2415 979 imi-

215 1001 500 1051 tationem
527 998 716 1050 Abaci
744 998 1084 1051 Ptolemaici
1113 1015 1423 1064 perperam
1451 1003 1514 1051 in
1543 1000 1657 1051 suis
1686 999 2221 1064 intercapedinibus
2252 1003 2417 1051 iuxta

215 1070 460 1136 longum
486 1075 541 1121 et
566 1069 754 1122 latum
779 1073 1033 1122 retentis,
1061 1070 1154 1123 Sic
1181 1073 1360 1123 etiam
1380 1073 1532 1123 circa
1551 1070 1767 1135 septem
1789 1071 2126 1122 Errantium
2146 1070 2416 1136 syderum

214 1143 523 1202 motioneS,
537 1141 818 1194 Canones
829 1141 1237 1202 Astronomici,
1254 1145 1432 1194 etiam
1446 1158 1483 1194 a
1495 1140 1773 1206 praedicto
1788 1144 2008 1207 ingenti
2022 1142 2124 1193 illo
2138 1142 2414 1195 COPER-

215 1212 415 1265 NICO
430 1212 669 1277 eiusque
683 1212 1105 1277 locupletatore
1121 1213 1600 1265 REINHOLDO
1616 1214 1988 1278 redintegrati
2002 1229 2126 1264 non
2142 1216 2357 1274 minus,
2376 1213 2417 1264 fi

214 1283 395 1336 modo
414 1299 539 1336 non
557 1283 690 1348 plus
711 1284 1034 1336 coelestibus
1055 1287 1414 1349 apparentijs
1435 1287 1716 1336 iniuriam
1736 1284 2015 1344 inferunt;
2038 1284 2188 1336 adeo
2210 1291 2417 1336 utnon

213 1355 415 1408 saltem
428 1358 492 1407 in
504 1355 772 1420 pauculis
786 1355 1084 1419 scrupulis,
1099 1355 1195 1407 sed
1210 1362 1264 1407 et
1278 1358 1340 1407 in
1354 1355 1659 1407 nonnullis
1675 1357 1852 1407 etiam
1866 1355 2139 1420 gradibus
2153 1356 2414 1420 saepenu-

214 1442 380 1479 mero
401 1426 874 1491 deprehendatur
893 1426 1407 1479 disconvenientia.
1435 1427 1679 1479 Certum
1700 1427 1940 1491 quidem
1961 1427 2036 1478 est
2055 1430 2117 1478 in
2138 1428 2416 1492 Apogaeis

214 1505 390 1563 atque
423 1498 974 1558 EccentricitatibuS‚
1008 1498 1277 1562 adeoque
1311 1499 1543 1550 orbium
1576 1497 2260 1559 commensurationibuS,
2293 1514 2416 1550 non

214 1572 434 1631 omnia,
455 1575 630 1634 prout
648 1568 827 1629 decet,
849 1585 886 1621 a
903 1569 1360 1622 COPERNICO
1382 1570 1457 1621 ad
1478 1571 1741 1621 amussim
1763 1569 1860 1633 (ob
1881 1569 2415 1631 instrumentorum,

213 1643 298 1693 uti
313 1643 541 1706 opinor,
558 1640 872 1700 fallaciam,
889 1647 944 1692 et
958 1640 1432 1693 observationum
1447 1640 1786 1694 exactarum
1800 1640 2295 1704 insufficientiam)
2312 1642 2415 1692 esse

214 1712 495 1777 disposita,
524 1712 769 1777 satisque
797 1711 1076 1764 subtiliter
1104 1712 1439 1778 confignata
1469 1712 1613 1776 (imo
1642 1713 1789 1764 forte
1819 1728 1894 1764 ne
1925 1713 2165 1777 quidem
2194 1713 2266 1764 ab
2294 1712 2415 1777 ipso

214 1783 698 1847 PTOLEMAEO)
718 1783 778 1836 id
792 1784 952 1848 quod
966 1783 1174 1836 nostrae
1189 1784 1488 1836 evidenter
1500 1784 1776 1836 testantur
1790 1783 2224 1835 observationes
2239 1790 2415 1848 atque

214 1871 287 1907 ex
312 1854 406 1907 his
428 1855 707 1907 derivatae
731 1855 1274 1916 demonstrationes;
1301 1856 1452 1908 adeo
1472 1862 1537 1907 ut
1555 1858 1798 1916 maiore,
1826 1871 2006 1920 quam
2033 1855 2298 1919 plerique
2320 1871 2415 1907 ex-

212 1926 479 1988 istimant,
500 1929 563 1978 in
582 1926 887 1978 nonnullis
907 1926 1102 1979 adhuc
1123 1942 1273 1991 opus
1287 1926 1350 1979 fit
1364 1925 1722 1979 correctione
1736 1933 1914 1991 atque
1927 1926 2291 1978 limitatione.
2312 1927 2414 1978 At-

212 2005 414 2051 tamen
434 2013 570 2050 cum
590 1997 711 2050 alia
730 1997 925 2050 adhuc
944 1998 1112 2051 subfit
1131 1998 1552 2063 inaequalitatis
1577 1998 1945 2063 particularis
1966 2000 2132 2058 rati0‚
2154 2014 2190 2049 a
2210 2000 2414 2049 veteri—

212 2069 323 2122 bus
342 2085 467 2121 non
486 2069 910 2130 animadversa,
931 2085 1041 2121 nec
1062 2072 1238 2122 etiam
1259 2070 1333 2122 ab
1354 2069 1476 2134 ipso
1493 2069 1967 2129 COPERNICO,
1988 2075 2116 2120 utut
2136 2069 2414 2121 industrio

214 2140 533 2193 coelestium
558 2141 1036 2205 contemplatore,
1067 2156 1203 2205 quae
1230 2144 1452 2193 neutris
1479 2156 1688 2193 eorum
1716 2140 2131 2206 hypothesibus
2161 2140 2416 2205 analoga

214 2212 306 2273 est,
326 2219 429 2264 aut
447 2227 552 2277 per
570 2212 680 2264 has
701 2212 1010 2264 commode
1032 2212 1352 2264 excusatur.
1375 2213 1596 2264 Idcirco
1618 2213 1688 2264 de
1703 2213 1983 2276 Apogaeis
2003 2218 2179 2276 atque
2201 2212 2413 2263 Eccen-

212 2284 555 2336 tricitatibus
587 2283 939 2348 orbiumque
971 2283 1449 2349 proportionibus
1480 2283 1686 2335 frustra
1716 2283 1896 2335 verba
1927 2282 2192 2343 facimuS,
2226 2282 2330 2334 nifi
2361 2289 2415 2334 et

213 2354 392 2407 huius
418 2354 758 2407 Anomaliae
784 2354 1074 2407 habeatur
1099 2353 1407 2420 respectum
1440 2371 1575 2419 quae
1601 2355 1734 2406 licet
1758 2357 1821 2406 in
1848 2354 2123 2406 omnibus
2151 2357 2413 2418 quinque

213 2426 468 2479 Planetis
482 2426 858 2491 aliquatenus
870 2426 984 2478 sese
999 2426 1264 2487 infinuet,
1285 2429 1348 2478 in
1361 2426 1483 2478 solo
1508 2431 1556 2485 ὅ·
1579 2433 1796 2486 tamen,
1813 2441 1884 2477 eo
1900 2425 2059 2490 quod
2075 2425 2294 2477 Solaris
2310 2428 2413 2477 cir-

214 2500 404 2550 cuitus
418 2498 493 2550 ad
507 2497 682 2562 ipfius
694 2498 1085 2550 orbicularem
1095 2500 1389 2550 tramitem
1403 2498 1870 2563 magnitudinem
1882 2497 2141 2549 obtineat
2154 2499 2413 2548 maxime

212 2569 649 2634 perceptibilem
669 2569 1006 2634 caeterisque
1025 2569 1213 2621 multo
1234 2569 1601 2633 ampliorem,
1624 2569 1951 2620 evidentius
1970 2568 2155 2620 oculis
2172 2570 2414 2620 incurrit

212 2640 456 2705 plusque
476 2640 731 2692 sentitur.
758 2641 955 2705 Atque
982 2641 1121 2693 hinc
1141 2656 1265 2692 non
1285 2643 1534 2692 minima
1556 2656 1627 2692 ex
1647 2646 1811 2704 parte
1833 2642 2042 2700 evenit,
2071 2639 2231 2703 quod
2252 2639 2412 2691 Mar-

212 2714 361 2763 tium
380 2711 553 2777 sydus
571 2711 627 2763 se
647 2711 901 2777 regulari
915 2718 1091 2777 atque
1105 2711 1209 2764 sua
1221 2712 1456 2777 vestigia
1470 2714 1732 2763 numeris
1749 2710 2087 2776 consignari,
2109 2711 2413 2762 admittere

213 2781 497 2836 hactenus
526 2783 819 2848 respuerit.
851 2783 984 2836 Scio
1012 2783 1145 2835 satis
1175 2786 1303 2835 eius
1331 2783 1552 2836 stellam
1581 2781 2069 2834 inobservabilem
2097 2781 2414 2846 vulgariter

118 2868 200 2911 351
215 2854 542 2914 existimari,
570 2854 730 2919 quod
751 2870 788 2907 a
807 2855 1091 2915 PLINIO,
1120 2857 1222 2919 qui
1241 2854 1355 2906 hoc
1376 2854 1447 2906 de
1470 2870 1541 2906 ea
1559 2853 1764 2905 frustra
1782 2852 2015 2917 profert,
2045 2853 2413 2917 desumptum

213 2932 476 2978 autum0.
505 2926 626 2991 Ego
652 2925 1044 2978 nihilominus
1071 2928 1133 2977 in
1158 2925 1332 2990 ipsius
1359 2927 1717 2990 apparentijs
1738 2924 1968 2976 coelitus
1989 2924 2338 2979 denotandis
2359 2930 2414 2975 et

212 2996 759 3049 intermediantibus
775 2997 1164 3049 Geometricis
1182 2997 1532 3062 apodixibus
1546 2999 1609 3047 in
1623 3011 1903 3048 numeros
1924 2995 2268 3061 redigendiS‚
2289 3011 2414 3047 non

212 3068 346 3132 plus
360 3066 716 3120 difficultatis
729 3070 987 3128 invenio,
1004 3084 1186 3132 quam
1198 3083 1380 3133 penes
1395 3075 1653 3127 caeterOS,
1674 3070 1795 3119 imo
1811 3066 2005 3119 adhuc
2019 3070 2216 3118 minus
2232 3082 2414 3131 quam

213 3141 276 3191 in
298 3140 331 3199 ζῖ
349 3144 451 3191 aut
469 3143 526 3197 Q.
548 3139 695 3191 Sunt
708 3139 857 3191 mihi
870 3142 933 3190 in
945 3146 1223 3204 promptu
1236 3139 1586 3203 multiplices
1602 3145 1655 3190 et
1671 3139 1914 3191 diutinae
1928 3145 2055 3190 tum
2069 3138 2264 3197 huiuS,
2286 3145 2412 3189 tum

118 3225 166 3260 40
214 3209 469 3262 aliorum
494 3209 897 3262 oberrantium
921 3210 1191 3276 syderum
1218 3210 1650 3262 observationes
1673 3211 2090 3262 accuratissima
2110 3212 2337 3262 ratione
2359 3216 2414 3261 et

213 3280 422 3346 medijs
450 3283 696 3333 minime
722 3281 1058 3333 fallentibus
1084 3281 1439 3346 conquifitae,
1468 3297 1498 3333 e
1526 3281 1739 3345 quibus
1765 3281 2156 3333 Astronomiae
2184 3280 2412 3333 coelitus

214 3352 622 3416 depromptam
636 3352 1116 3405 instaurationem
1130 3353 1571 3417 Canonumque
1586 3352 1993 3405 Secundorum
2007 3353 2327 3405 Mobilium
2342 3352 2412 3404 de

356 3433 425 3469 37·
2255 3439 2412 3474 novo
