2644 4030
258 288 351 341 176
791 256 1229 338 EPISTOLAE
1255 283 1924 337 ASTRONOMICAE

257 432 320 480 in
340 427 552 492 quibus
571 433 635 478 tu
656 426 908 487 excellis,
929 426 1255 478 iucundum
1274 432 1476 477 tamen
1496 428 1602 478 erit
1622 425 1693 478 de
1713 427 1785 491 ijs
1804 441 2241 491 nonnunquam
2260 433 2454 479 tecum

258 498 538 558 conferre,
560 513 596 549 a
617 512 736 562 quo
752 497 980 549 summa
994 512 1248 562 quaeque
1264 494 1568 562 expectare
1583 496 1791 549 licebit.
1813 497 1972 549 Nam
1988 503 2043 549 et
2055 497 2128 549 fic
2142 497 2452 558 libertum,

256 570 388 621 licet
407 569 481 621 ab
502 568 778 620 undecim
797 568 935 619 hinc
956 570 1129 620 annis
1151 567 1435 620 eiusmodi
1454 570 1554 619 vix
1573 570 1877 633 attigerim,
1897 574 2019 620 tam
2038 567 2145 621 fuit
2165 575 2453 634 acceptus,

257 648 321 692 ut
340 646 643 692 accuratas
664 642 790 691 eius
811 638 1243 691 observationes
1264 646 1318 691 et
1338 639 1667 704 ingeniosas
1688 638 2207 691 demonstrationes
2227 639 2455 692 summa

257 727 392 763 cum
411 710 712 774 voluptate
732 710 995 775 legerim;
1017 726 1085 762 ac
1105 725 1213 774 pro
1233 712 1415 762 veteri
1435 709 1627 762 nostra
1648 725 1783 775 erga
1803 710 1912 762 has
1933 710 2262 775 disciplinas
2282 710 2453 763 affee-

255 786 432 842 tione,
453 780 709 834 studiofis
731 796 937 832 earum
958 781 1281 845 plurimum
1300 781 1575 846 gratulor,
1598 782 1701 833 esse
1722 781 2006 833 eiusmodi
2020 781 2307 842 ArtificeS‚
2329 785 2453 847 qui-

256 854 364 905 bus
390 868 498 907 nec
524 852 600 905 ad
626 850 940 917 perfectam
966 852 1265 904 scientiam
1292 867 1400 903 nec
1424 853 1500 905 ad
1523 852 1850 904 absolutam
1870 855 2276 917 operationem
2297 855 2453 917 quic-

257 939 439 989 quam
459 923 637 976 deesse
656 923 906 985 videtur:
934 929 1283 987 tantumque
1305 923 1376 975 de
1396 923 1511 975 illis
1530 923 1728 989 studijs
1747 930 1802 976 te
1823 926 2098 975 meritum
2126 925 2228 975 esse
2253 923 2453 984 statum

256 1003 319 1048 ut
340 998 504 1047 omni
526 993 1040 1046 commendatione
1062 994 1414 1059 dignissimus
1433 994 1519 1046 fis,

328 1066 441 1119 Sed
456 1066 531 1119 ad
544 1066 742 1118 literas
755 1072 888 1118 tuas
902 1081 1061 1117 nunc
1075 1067 1332 1125 veniam,
1352 1066 1565 1130 quibus
1580 1067 1747 1118 citius
1761 1065 2181 1130 respondissem‚
2200 1065 2304 1117 nisi
2319 1081 2454 1118 con-

255 1140 439 1190 tinuae
459 1139 958 1202 peregrinationes
978 1136 1187 1188 nostrae
1208 1136 1281 1189 ab
1302 1139 1470 1188 initio
1485 1137 1530 1188 F
1532 1137 1784 1202 ebruarij
1802 1140 1902 1189 vix
1916 1152 2107 1189 unum
2121 1137 2278 1188 diem
2293 1137 2455 1189 domi

257 1210 359 1261 esse
381 1209 770 1261 concessissent.
793 1208 881 1260 Ex
894 1208 1112 1273 Anglia
1132 1214 1269 1260 ante
1289 1223 1512 1272 paucos
1533 1208 1655 1260 dies
1677 1209 1923 1260 domum
1942 1207 2222 1269 reversuS,
2243 1211 2454 1260 nonni-

256 1279 341 1332 hil
355 1281 454 1345 otij
471 1279 599 1331 sum
611 1278 816 1332 nactus
837 1279 912 1331 ad
932 1286 1035 1331 tua
1055 1279 1367 1344 relegenda
1388 1286 1443 1331 et
1461 1282 1675 1332 iterum
1696 1279 2106 1344 expendenda3
2127 1295 2236 1331 nec
2255 1286 2456 1332 tamen

256 1358 319 1404 ut
340 1366 631 1417 cuperem.
658 1351 820 1403 Nam
839 1351 880 1403 fi
899 1350 1129 1415 reliqua
1147 1350 1530 1415 suppeterent,
1553 1354 1805 1415 experiri
1823 1350 2055 1412 vellem,
2077 1366 2156 1403 an
2177 1351 2456 1403 Cometas

255 1426 469 1475 iterum
494 1425 757 1474 numeris
782 1423 994 1486 possem
1022 1421 1175 1474 coelo
1202 1422 1489 1474 deducere
1515 1425 1578 1474 in
1604 1424 1873 1474 nativum
1898 1422 2068 1474 suum
2088 1421 2287 1474 locum
2305 1425 2456 1474 inter

257 1493 761 1546 ARISTOTELIS
781 1493 1154 1545 fumositates.
1176 1493 1289 1545 Sed
1304 1493 1417 1545 hoc
1432 1493 1672 1545 alterius
1686 1496 1792 1546 erit
1807 1495 1905 1558 otij
1925 1499 1979 1545 et
1992 1495 2235 1546 maioris
2250 1508 2456 1546 earum

256 1581 455 1618 rerum
475 1565 912 1617 recordationis
941 1565 1119 1616 Nunc
1138 1580 1245 1628 pro
1265 1564 1535 1629 praesenti
1555 1564 1874 1625 occafione,
1896 1571 2187 1629 quantum
2207 1580 2454 1630 occupa-

255 1639 447 1689 tiones
466 1639 814 1701 permittent,
835 1638 1039 1700 paucis
1059 1636 1383 1688 rescribam.

328 1708 534 1760 Literis
547 1711 663 1760 tuis
677 1723 713 1759 a
727 1723 822 1759 me
837 1710 999 1772 petiS‚
1015 1714 1078 1759 ut
1092 1707 1435 1759 sententiam
1450 1722 1649 1759 meam
1664 1707 1911 1759 candide
1925 1705 2255 1771 significem.
2278 1705 2456 1770 Quod

257 1779 333 1831 ad
352 1780 411 1831 id
431 1781 650 1839 attinet,
671 1778 820 1830 mihi
833 1786 936 1830 tua
948 1779 1330 1830 vehementer
1349 1779 1596 1843 placent,
1619 1785 1673 1830 et
1692 1781 1959 1842 inprimis
1975 1777 2121 1830 illud
2135 1777 2333 1830 nobile
2347 1777 2454 1830 stu-

257 1851 421 1902 dium
435 1853 498 1902 in
513 1850 867 1915 corrigendis
881 1849 1175 1902 stellarum
1188 1850 1331 1901 locis
1347 1857 1402 1901 et
1415 1850 1670 1901 motibus
1685 1844 1706 1918 ΙΙ
1722 1857 1776 1901 et
1791 1847 2179 1902 exac'tioribus
2193 1852 2456 1901 numeris

255 1921 627 1987 subijciendis
647 1921 820 1985 supra
838 1921 1086 1973 modum
1100 1921 1517 1973 commendare
1533 1927 1780 1985 oportet;
1803 1935 1923 1985 quo
1938 1926 2001 1972 ut
2014 1936 2220 1986 pergas
2234 1936 2457 1972 nomen

255 1999 425 2044 tuum
450 1995 601 2044 inter
625 1992 758 2044 illos
778 1998 1031 2044 aeternos
1055 2008 1336 2044 numeros
1358 1992 1694 2044 consecrare
1720 1991 1945 2044 hortari
1963 1995 2062 2043 vix
2082 1993 2293 2052 aude0,
2321 2007 2457 2044 cum

255 2064 483 2115 summo
511 2070 728 2116 conatu
755 2078 826 2115 eo
852 2070 908 2115 te
933 2063 1071 2115 ferri
1098 2063 1373 2115 omnibus
1399 2064 1722 2128 necessarijS
1747 2061 2084 2116 instrudtum
2109 2065 2230 2115 iam
2255 2063 2457 2127 palam

257 2135 491 2195 constet;
512 2134 553 2186 fi
573 2135 758 2187 ullam
779 2150 1023 2199 operam
1040 2138 1102 2186 in
1119 2142 1240 2187 tam
1255 2134 1439 2186 nobili
1454 2141 1671 2186 conatu
1684 2134 1953 2199 praestare
1967 2134 2070 2187 tibi
2082 2135 2311 2199 possem,
2332 2150 2456 2186 non

256 2206 521 2266 deessem;
542 2206 637 2258 sed
651 2206 821 2258 nobis
836 2213 1080 2258 nectam
1095 2213 1370 2258 accurata
1383 2206 1764 2258 instrumenta
1777 2205 1874 2257 hic
1888 2206 2033 2267 sunt,
2054 2221 2163 2258 nec
2177 2205 2269 2257 his
2283 2206 2455 2258 coele-

255 2278 428 2330 stibus
448 2293 485 2329 a
505 2277 740 2329 caducis
761 2278 1103 2341 corporibus
1123 2293 1335 2330 vacare
1355 2277 1503 2329 licet.
1532 2276 1710 2329 Nunc
1732 2280 1892 2329 enim
1911 2279 2097 2342 magis
2119 2276 2455 2329 Rhabarba-

256 2365 389 2400 rum
410 2355 464 2401 et
485 2349 636 2401 Sene
662 2349 988 2413 fimiliaque
1016 2349 1444 2413 expenduntur,
1473 2364 1656 2413 quam
1682 2363 1889 2400 omnes
1911 2348 2290 2401 Planetarum
2315 2350 2455 2414 gyri.

255 2420 495 2481 Verum,
523 2420 863 2472 nobilissime
883 2423 988 2482 vir,
1017 2436 1153 2473 cum
1174 2420 1249 2472 ad
1271 2435 1405 2472 eam
1425 2420 1985 2485 contemplationem
2004 2426 2060 2472 te
2079 2419 2177 2471 ille
2201 2426 2481 2472 aeternus.

257 2495 528 2543 omnium
550 2492 799 2544 Creator
817 2494 1130 2553 vocaverit,
1151 2491 1350 2557 ijsque,
1374 2491 1587 2556 quibus
1608 2494 1880 2556 oportuit,
1901 2491 2244 2551 instruxerit,
2267 2489 2455 2544 macte

256 2562 367 2615 hac
393 2562 665 2615 felicitate
688 2570 742 2615 et
760 2566 972 2615 virtute
993 2570 1172 2623 utere,
1201 2570 1265 2615 ut
1290 2563 1511 2615 talento
1537 2569 1640 2615 tuo
1665 2563 1978 2627 posteritati
2003 2561 2350 2615 lucrifacias,
2378 2563 2457 2614 At

256 2650 380 2686 non
393 2634 737 2695 Paradoxis;
759 2650 902 2686 nam
915 2637 1170 2699 ingenue
1184 2634 1413 2699 loquor,
1434 2636 1692 2686 veritatis
1707 2633 1897 2695 causa,
1917 2634 2013 2686 sed
2033 2632 2457 2698 acceptioribus

257 2705 585 2770 disciplinis,
614 2706 751 2758 Hoc
773 2709 990 2757 etenim
1013 2713 1200 2766 tuum,
1227 2708 1289 2757 in
1316 2721 1435 2770 quo
1458 2705 1935 2758 CICERONEM
1955 2711 2011 2757 te
2032 2704 2456 2756 Mathematice

256 2779 472 2829 imitari
491 2777 726 2829 voluisse
746 2776 895 2828 mihi
914 2777 1253 2841 persuade0‚
1278 2779 1523 2828 minime
1545 2777 1775 2828 arridet.
1804 2776 1946 2828 Non
1967 2778 2127 2827 enim
2146 2775 2351 2840 placet,
2372 2774 2455 2827 sa-

256 2849 581 2912 pientissimi
592 2847 908 2901 Architecti
921 2847 1384 2913 perfectissimum
1399 2848 1669 2900 ordinem
1684 2847 1993 2906 obscurari,
2010 2853 2065 2898 et
2077 2846 2456 2899 mutabilibus

258 2934 393 2970 cum
407 2919 871 2972 immutabilibus
887 2919 1153 2980 conquS,
1177 2918 1411 2982 ἀταξίας
1431 2918 1633 2971 Chaos
1653 2918 1960 2971 introduci.
1984 2918 2110 2970 Nec
2130 2918 2285 2978 latet,
2307 2917 2456 2969 alios

258 2996 394 3041 ante
414 2997 469 3042 te
489 2994 551 3042 in
572 3006 643 3043 ea
663 2991 818 3042 fuisse
840 2993 1138 3055 opinione,
1167 2997 1371 3042 contra
1398 3006 1547 3055 quos
1568 2990 1892 3055 aliquando
1912 2989 2238 3041 meditabar
2258 2992 2320 3041 in
2341 2988 2455 3041 Co-

257 3065 627 3113 metometria
647 3062 838 3114 nostra
858 3062 1323 3126 disputationem.
1339 3062 1562 3113 Verum
1579 3077 1715 3113 cum
1734 3061 1820 3113 illi
1839 3060 2018 3113 nullis
2038 3060 2363 3113 rationibus
2384 3075 2456 3112 eo

258 3130 473 3183 fuerint
490 3131 726 3193 inducti,
745 3133 1072 3185 evidentius
1091 3133 1181 3193 est,
1202 3149 1383 3197 quam
1400 3140 1463 3185 ut
1481 3132 1699 3184 ostendi
1717 3133 1940 3185 debeat.
1960 3132 2157 3184 Nemo
2171 3138 2292 3184 tam
2306 3130 2454 3182 mul·

258 3205 329 3253 tis
348 3203 408 3254 id
429 3210 675 3254 conatus
697 3204 770 3255 est
790 3205 1154 3267 persuadere,
1178 3220 1358 3268 quam
1378 3210 1457 3256 tu.
1486 3203 1664 3267 Quod
1686 3219 1764 3255 an
1785 3202 2063 3264 effeceris,
2088 3218 2195 3268 ego
2216 3202 2454 3267 quidem

260 3272 555 3325 affirmare
570 3290 826 3338 nequeo;
841 3275 989 3326 mihi
1005 3278 1164 3326 enim
1175 3275 1551 3341 Phyficorum
1567 3273 1917 3327 coniecturae
1933 3290 2005 3326 ex
2019 3289 2216 3326 rerum
2230 3275 2455 3325 naturis

258 3344 463 3396 sumtae
489 3347 675 3409 magis
702 3345 1109 3397 consentaneae
1136 3346 1331 3398 adhuc
1357 3346 1645 3398 videntur.
1677 3345 1746 3397 Et
1775 3361 1850 3397 ne
1880 3345 2095 3410 absque
2121 3347 2349 3397 ratione
2374 3346 2456 3396 ita

2247 3415 2454 3466 sentire

2509 1087 2551 1122 10

2509 1442 2550 1477 15

2505 2152 2552 2187 25

2504 3218 2550 3253 40
