2644 4030
90 1109 132 1144 10

90 1465 133 1500 15

88 1821 135 1857 20

90 2179 137 2214 25

93 2892 140 2928 35

95 3248 143 3283 40

114 3395 143 3439 ,ἴ

461 308 765 362 TYCHO
792 308 914 361 AD
941 308 1414 362 CASPARUM
1441 307 2098 361 PEUCERUM159O
2273 307 2379 360 229

177 452 435 518 legatum
455 450 820 511 offenderim,
848 453 951 517 qui
973 457 1029 504 et
1051 450 1281 512 alteraS‚
1308 451 1440 504 licet
1464 450 1757 516 prioribus
1781 450 2080 503 breviores
2099 465 2136 503 a
2156 456 2211 503 te
2231 449 2380 503 mihi

177 523 494 589 inscriptaS,
520 522 785 584 reddidit,
811 524 1053 588 unaque
1078 522 1374 588 pollicitus
1400 522 1491 583 est,
1518 522 1573 574 se
1600 528 1736 574 ante
1762 521 2015 574 reditum
2037 524 2100 574 in
2122 521 2380 574 Patriam

177 609 275 647 me
300 598 364 647 in
388 594 501 647 hac
521 594 716 647 Insula
740 593 1082 654 invisurum,
1108 609 1425 659 meamque
1451 593 1885 658 responfionem
1905 593 1981 645 ad
2000 599 2133 646 tuas
2152 591 2266 646 hac
2286 608 2379 646 oc·

179 665 409 719 cafione
434 665 630 718 secum
654 665 996 725 relaturum,
1022 665 1260 730 tibique,
1288 680 1467 730 quem
1493 665 1691 717 denuo
1715 667 1778 717 in
1802 664 2130 717 Germania
2155 664 2381 729 alloqui

180 737 565 798 constituerat,
585 737 953 789 traditurum.
975 736 1215 789 Interim
1228 752 1371 789 vero
1385 738 1599 802 negotij
1605 752 1649 797 S,
1670 736 1863 789 nescio
1878 735 2108 800 quibus,
2128 738 2380 801 urgenti-

178 809 306 870 buS,
332 807 472 860 hinc
490 811 555 860 in
574 807 931 860 Teutoniam
950 807 1174 868 secedit,
1194 808 1374 869 brevi,
1395 810 1480 860 uti
1500 807 1816 868 dicebatur,
1837 806 2189 859 reversuruS.
2217 806 2382 859 Dum

178 894 321 932 vero
342 894 449 945 ego
469 885 591 932 tota
607 879 721 931 hac
738 878 933 943 elapsa
953 879 1144 932 aestate
1164 879 1418 932 reditum
1438 881 1582 938 eius,
1603 881 1876 944 quamvis
1895 879 2188 938 incassum,
2215 877 2383 930 nulla

179 953 404 1003 interea
436 952 679 1003 certiore
711 949 1042 1015 perferendi
1071 951 1147 1003 ad
1175 957 1230 1003 te
1261 950 1460 1003 literas
1490 949 1604 1002 sese
1634 949 1917 1002 offerente
1947 950 2380 1008 commoditate,

180 1019 439 1087 expecto,
460 1021 840 1105 plurimisque
858 1021 1131 1074 involvor
1147 1021 1623 1082 distractionibus
1644 1021 2079 1086 rescriptionem
2093 1027 2222 1072 utut
2235 1020 2382 1072 forte

180 1095 358 1146 nimis
376 1092 727 1146 serotinam
712 1109 776 1144 1n
794 1092 908 1145 hoc
927 1093 1110 1158 usque
1129 1099 1362 1158 tempus
1382 1092 1615 1146 differre
1636 1090 1872 1145 coactus
1891 1092 2033 1144 sum.
2061 1092 2131 1147 Et
2153 1092 2382 1144 licetne

179 1167 302 1218 iam
322 1164 564 1248 quidem
583 1163 781 1217 oblata
801 1164 1004 1229 aliqua
1022 1164 1132 1217 has
1152 1165 1229 1217 ad
1247 1171 1303 1216 te
1322 1163 1627 1216 mittendi
1612 1179 1675 1215 1n
1698 1170 1975 1247 promptu
2000 1163 2063 1215 fit
2089 1162 2247 1223 ansa,
2273 1178 2383 1215 nec

181 1235 377 1289 adhuc
403 1238 557 1289 curis
583 1235 861 1289 omnibus
890 1235 1187 1288 relaxatus
1215 1235 1335 1296 fim,
1366 1241 1627 1288 attamen
1652 1251 1728 1287 ne
1754 1237 1930 1287 nimis
1956 1235 2058 1287 diu
2086 1233 2382 1299 procrasti-

180 1308 382 1361 nando
408 1308 485 1360 ad
509 1314 642 1360 tuas
666 1307 844 1372 plane
868 1307 1074 1359 surdus
1100 1307 1204 1360 tibi
1222 1306 1441 1367 videar,
1461 1305 1627 1358 volui
1653 1321 1812 1358 nunc
1837 1305 2078 1358 tandem
2103 1305 2212 1358 has
2232 1306 2307 1358 ad
2327 1311 2383 1358 te

181 1378 567 1444 responsionis
593 1380 782 1432 caussa
806 1379 964 1438 dare,
990 1380 1396 1443 maximopere
1421 1392 1652 1443 roganS,
1679 1384 1743 1429 ut
1768 1376 2058 1429 silentium
2080 1376 2195 1429 hoc
2215 1377 2383 1429 diuti-

181 1465 329 1503 num
348 1453 508 1515 aequi
526 1451 787 1515 bonique
807 1449 1093 1502 consulaS.

252 1521 394 1574 Duo
420 1528 620 1574 autem
644 1521 775 1574 sunt
798 1521 1164 1586 potissimum,
1194 1520 1267 1572 de
1293 1520 1507 1585 quibus
1531 1523 1595 1572 in
1620 1519 1774 1572 hisce
1800 1521 1915 1572 tuis
1942 1519 2140 1578 literis,
2168 1533 2384 1583 nempe

182 1593 255 1646 de
284 1592 444 1646 Coeli
471 1599 687 1645 natura
715 1598 771 1644 et
797 1592 1124 1652 substantia,
1157 1597 1403 1656 tumque
1431 1591 1688 1644 nubibus
1717 1606 1786 1643 ac
1815 1593 2002 1655 aquis,
2036 1605 2185 1654 quas
2212 1590 2387 1655 supra

183 1664 388 1717 Coelos
403 1664 640 1716 existere
655 1666 934 1728 opinaris,
949 1663 1176 1728 prolixe
1190 1678 1426 1715 mecum
1439 1663 1667 1715 disseris.
1681 1662 1897 1726 Quoad
1911 1664 2187 1727 primum,
2200 1676 2384 1726 quan-

181 1742 308 1788 tum
337 1735 413 1787 ad
441 1735 625 1800 ipsam
655 1735 813 1788 Coeli
840 1736 1228 1787 tenuissimam
1258 1736 1734 1800 purissimamque
1762 1740 2040 1787 naturam
2069 1739 2125 1785 et
2153 1733 2227 1785 ab
2257 1732 2384 1785 Ele-

182 1806 545 1859 mentaribus
562 1809 1098 1872 coinquinamentis
1115 1805 1572 1871 corruptelisque
1588 1808 2024 1858 immunitatem
2037 1807 2256 1866 attinet,
2279 1819 2386 1869 ego

183 1878 524 1931 nullatenus
537 1878 640 1930 tibi
654 1878 929 1944 refragor.
952 1878 1113 1930 Nam
1134 1884 1190 1930 et
1209 1893 1316 1943 ego
1337 1877 1410 1929 fic
1429 1877 1656 1942 semper
1674 1877 1833 1938 senfi,
1852 1876 2234 1942 posteaquam
2250 1875 2385 1928 Coe-

183 1949 310 2002 lum
329 1949 508 2002 nullis
527 1949 723 2002 solidis
745 1955 800 2001 et
820 1950 981 2002 duris
1002 1947 1333 2002 confectum
1348 1948 1605 2002 Orbibus
1626 1964 1699 2001 ex
1718 1954 1886 2001 motu
1904 1963 2029 2000 non
2044 1947 2247 2000 saltem
2260 1946 2386 1999 Pla-

183 2028 457 2074 netarum
475 2021 572 2074 sed
593 2027 648 2073 et
669 2021 1056 2074 Cometarum
1075 2020 1512 2081 AEthereorum,
1537 2035 1687 2085 quos
1708 2022 1922 2084 quinos
1942 2021 2086 2071 citra
2106 2018 2280 2071 Orbis
2300 2017 2386 2070 ul·

183 2093 298 2145 lius
321 2092 497 2145 realis
517 2095 1039 2145 concomitantiam
1060 2091 1340 2144 Coelestes
1361 2107 1599 2157 carpere
1619 2094 1747 2144 vias
1767 2090 2085 2151 observavi,
2113 2095 2388 2142 accurata

185 2179 281 2216 me
303 2164 600 2216 edocuerit
619 2163 1098 2228 confirmaritque
1119 2162 1514 2228 experientia.¹
1542 2164 1621 2215 At
1641 2162 1801 2228 quod
1820 2161 2165 2214 AEtheream
2185 2161 2386 2226 Regio-

184 2250 326 2288 nem
338 2250 443 2300 per
455 2235 511 2287 se
525 2235 784 2287 lucidam
796 2234 1405 2299 splendescentemque
1420 2234 1726 2295 existimaS,
1745 2249 1825 2286 an
1840 2236 2087 2285 omnino
2101 2232 2199 2285 hic
2213 2233 2386 2284 assen-

185 2306 453 2359 tiendum
480 2306 559 2366 fit,
589 2306 809 2366 haereo,
840 2321 913 2358 ex
939 2320 1059 2370 quo
1084 2308 1148 2358 in
1172 2306 1427 2358 tenebris
1455 2304 1773 2366 nocturniS,
1803 2304 2086 2358 defaecato
2117 2303 2387 2356 existente

186 2381 340 2436 aere,
370 2377 604 2430 nullum
633 2378 710 2430 ad
738 2393 848 2429 nos
877 2375 1134 2430 reflec'tat
1161 2376 1382 2438 lumen,
1410 2377 1470 2429 id
1500 2377 1661 2442 quod
1689 2376 1818 2429 fieri
1847 2381 2156 2441 oporteret,
2185 2374 2226 2427 fi
2254 2372 2389 2427 actu

185 2449 450 2501 lucidum
470 2449 612 2509 esset,
638 2448 954 2501 tenebrosis
973 2448 1292 2514 praesertim
1312 2451 1483 2513 aquis
1504 2455 1558 2500 et
1576 2447 1833 2501 nubibus
1852 2447 2100 2512 superne
2120 2446 2282 2505 illud,
2303 2448 2389 2498 uti

186 2527 251 2573 tu
264 2521 470 2580 asseriS,
486 2519 999 2579 circumdantibus,
1011 2534 1148 2584 quae
1161 2519 1403 2571 luminis
1412 2519 1611 2572 versus
1626 2526 1892 2571 centrum
1905 2518 2389 2584 repercussionem

187 2597 484 2657 augerent.
515 2590 813 2656 Quicquid
840 2593 1000 2643 enim
1027 2589 1304 2643 claritatis
1330 2596 1386 2642 et
1409 2589 1652 2656 fulgoris
1677 2605 1799 2642 nox
1824 2589 1972 2643 alias
1999 2605 2189 2655 opaca
2214 2587 2388 2642 Coelo

186 2662 390 2715 sereno
417 2665 683 2727 acquirit,
709 2662 769 2714 id
789 2678 825 2715 a
846 2662 1018 2715 Luna
1042 2677 1147 2727 per
1169 2660 1568 2714 reflectionem
1586 2661 1828 2714 luminis
1849 2660 2069 2714 Solaris
2089 2667 2191 2712 aut
2212 2662 2390 2712 etiam

187 2750 225 2787 a
238 2733 431 2787 Stellis
449 2733 806 2799 fulgentibus
827 2732 1063 2794 obtinet,
1084 2748 1210 2785 non
1229 2739 1430 2785 autem
1451 2733 1524 2785 ab
1545 2732 1666 2797 ipso
1682 2732 1840 2785 Coeli
1859 2747 2122 2796 corpore.
2144 2731 2209 2784 Id
2230 2733 2390 2783 enim

189 2808 331 2858 citra
360 2804 568 2858 Stellas
597 2811 700 2857 aut
729 2804 1076 2857 Luminaria
1103 2803 1334 2856 nullam
1363 2803 1549 2856 oculis
1577 2804 1773 2856 lucem
1803 2805 2027 2869 ingerit.
2057 2803 2282 2854 Verum
2310 2817 2390 2854 an

188 2876 454 2941 aliquam
466 2892 571 2942 per
583 2876 640 2928 se
653 2875 885 2937 habeat,
900 2891 1025 2928 non
1037 2882 1239 2928 tamen
1251 2881 1494 2935 tantam,
1510 2890 1646 2939 quae
1653 2874 1867 2927 Terras
1878 2873 2172 2940 percellat,
2188 2888 2389 2938 quem-

189 2947 515 3000 admodum
535 2953 591 3000 et
610 2947 845 3000 Lunam
869 2948 1088 3013 proprij
1117 2946 1358 2998 luminis
1378 2961 1503 2998 non
1521 2945 1754 3012 prorsus
1775 2945 1983 2998 orbam
2004 2945 2106 2997 esse
2135 2945 2289 3009 (licet
2314 2944 2391 2996 ad

188 3021 466 3071 intuitum
495 3018 771 3080 nostrum,
800 3024 866 3071 ut
893 3021 956 3071 in
985 3017 1372 3083 Eclipsatione
1402 3020 1528 3070 eius
1560 3017 1942 3082 profundiore
1975 3022 2234 3082 apparet,
2267 3030 2391 3067 non

189 3089 498 3155 pertingat)
526 3090 770 3155 quidam
797 3089 1138 3150 existimant,
1168 3088 1485 3150 studiofiuS,
1516 3104 1652 3141 cum
1677 3088 1741 3141 fit
1765 3087 2239 3153 imperceptibile,
2266 3102 2391 3139 non

189 3163 444 3226 inquire.
471 3161 600 3213 Nec
619 3161 692 3213 de
712 3160 825 3214 hac
845 3161 1182 3226 quaestione,
1210 3175 1290 3212 an
1310 3159 1551 3212 Coelum
1570 3174 1675 3224 per
1693 3159 1899 3212 seluce
1919 3158 2135 3213 actuali
2155 3158 2390 3224 polleat,

190 3232 580 3296 disquirenda,
609 3232 863 3285 multum
891 3232 1115 3293 laborO,
1146 3246 1282 3283 cum
1310 3230 1440 3283 haec
1469 3231 1677 3283 nostrae
1706 3233 2034 3292 intentioni,
2065 3230 2390 3295 quomodo-

192 3318 446 3368 cumque
460 3302 574 3355 hac
588 3303 659 3356 de
673 3319 736 3356 re
749 3303 1045 3365 statuatur,
1060 3302 1211 3355 nihil
1225 3301 1459 3355 officiat.
1481 3302 1546 3355 Id
1559 3301 1761 3355 saltem
1775 3302 2009 3363 addam,
2024 3301 2184 3367 quod
2198 3301 2392 3353 lucem

265 3397 277 3422 1
298 3395 403 3433 Vide
424 3395 560 3442 Drufij
581 3395 824 3433 sententiam
845 3396 897 3433 de
918 3395 1040 3443 aquis
1060 3395 1145 3432 iuis
1166 3395 1210 3432 in
1230 3394 1436 3432 observat.
1455 3405 1550 3441 pag.
1574 3395 1652 3431 176.
2236 3442 2279 3494 h

2280 3458 2392 3495 ane
