2644 4030
220 280 524 334 TYCHO
544 280 666 332 AD
692 279 1236 333 THADDAEUM
1263 278 1747 332 HAGECIUM
1774 277 1806 330 3
1833 278 2034 331 AUG.
2062 278 2208 331 1590
2280 277 2385 330 263

185 438 319 475 eam
337 429 582 488 partem,
606 438 741 487 quae
762 421 837 474 ab
856 424 1025 474 initio
1045 421 1117 473 de
1137 421 1524 486 rescriptionis
1544 427 1770 473 mutuae
1790 420 2283 473 retardationibus
2302 427 2384 473 at-

185 509 300 559 que
322 493 792 546 excusationibus
811 492 1038 546 affatim
1058 495 1190 558 agit,
1211 492 1540 558 praeteribo,
1563 508 1698 544 cum
1716 495 1974 544 amicitia
1991 492 2184 544 nostra
2197 492 2386 544 multo

183 567 306 617 iam
324 571 587 630 tempore
609 564 957 617 confirmata
974 567 1139 616 omni
1152 564 1473 629 suspicione
1486 579 1699 616 vacare
1717 564 1940 625 debeat,
1962 579 2156 628 neque
2176 579 2385 629 purga-

182 638 360 697 tione,
381 635 422 687 fi
442 636 583 700 quid
602 643 814 701 praetei·
834 633 1300 700 expectationem
1319 635 1601 695 inciderit,
1622 635 1951 699 multopere
1970 635 2242 700 indigeat.

112 724 135 758 5
255 707 349 759 De
370 706 785 772 hypothesibus
806 709 983 758 etiam
1003 709 1166 767 meis,
1189 722 1337 771 quas
1358 706 1511 758 coelo
1531 706 1653 771 ipso
1674 709 2003 758 accuratius
2022 704 2385 771 introsped’to,

184 777 406 830 Martio
432 778 751 843 praesertim
775 777 975 843 sydere
1001 777 1134 842 plus
1154 746 1290 830 'Sole
1313 780 1376 829 in
1399 777 1735 843 acronycho
1758 777 1865 829 fitu
1883 779 2050 829 terris
2071 779 2386 842 appropin-

183 856 402 914 quante
433 849 520 912 (ut
548 864 673 901 non
700 848 891 900 solum
918 848 1252 913 parallaxes
1282 851 1409 900 eius
1437 848 1667 901 summa
1696 848 1996 914 diligentia
2021 864 2058 901 a
2083 848 2254 900 nobis
2283 848 2387 901 ali-

182 922 412 985 quoties
437 919 783 985 perquifitae‚
810 919 906 971 sed
930 919 1200 971 transitus
1226 919 1329 984 ipsi
1354 919 1551 972 diurni
1577 919 1883 984 aliquanto
1904 919 2273 972 Ptolemaicis
2296 935 2386 972 ra-

181 993 434 1056 tiocinijs
463 991 538 1043 ob
566 992 857 1043 maiorem
889 993 1529 1054 appropinquationem
1558 993 1964 1043 concitatiores
1995 998 2194 1056 aperte
2227 993 2386 1043 evin-

91 1079 134 1114 ιο
182 1061 344 1126 cunt)
361 1059 634 1115 extructis
649 1061 1044 1126 ordinatisque
1058 1061 1210 1113 nihil
1223 1061 1319 1113 hic
1333 1061 1745 1126 superaddam;
1759 1062 1893 1114 satis
1908 1062 1979 1114 de
1993 1064 2081 1127 ijs,
2097 1068 2388 1126 quantum

182 1133 436 1198 Epistola
460 1133 585 1194 fert,
611 1133 1007 1198 superioribus
1034 1135 1146 1198 egi;
1172 1132 1437 1196 plenarie
1459 1148 1561 1184 eas
1582 1133 1877 1185 elucidare
1899 1136 2159 1198 citraque
2179 1133 2387 1185 iustam

182 1203 704 1257 contradictionem
733 1203 1118 1269 comprobare
1147 1211 1325 1268 atque
1355 1205 1593 1256 asserere
1623 1204 1863 1256 alterius
1893 1207 1999 1256 erit
2027 1204 2143 1256 loci
2173 1211 2227 1256 et
2255 1220 2386 1269 pro-

180 1276 407 1328 lixioris
435 1278 670 1341 negotij.
704 1276 1038 1340 Utrumque
1068 1277 1247 1327 etiam
1277 1291 1502 1335 eorum,
1533 1291 1683 1340 quos
1713 1278 1901 1327 omitti
1928 1277 2034 1336 viS,
2069 1281 2125 1327 et
2154 1291 2261 1340 ego
2290 1275 2387 1327 hic

179 1347 390 1399 lubens
415 1347 725 1413 negligam,
753 1362 947 1411 neque
974 1347 1046 1399 de
1072 1348 1267 1411 priore
1287 1346 1389 1398 isto
1410 1349 1532 1399 iam
1552 1353 1729 1398 antea
1748 1346 2086 1411 scripfissem,
2113 1346 2219 1398 nifi
2246 1347 2386 1411 ipse-

90 1435 133 1470 1⁵
180 1426 301 1471 met
321 1418 687 1471 occasionem
705 1419 1050 1483 praebuisseS.
1078 1417 1245 1469 Alter
1265 1417 1639 1470 Mathemata
1658 1417 1869 1470 rec'iius
1894 1417 2176 1482 intelligit,
2205 1425 2259 1470 et
2284 1418 2388 1470 tibi

180 1490 591 1543 reconciliatus
618 1489 896 1542 ferendus
923 1491 1136 1541 veniet.
1169 1489 1267 1542 Ad
1293 1505 1365 1541 ea
1389 1492 1606 1553 itaque,
1641 1504 1777 1553 quae
1808 1491 1962 1541 circa
1990 1488 2388 1541 defensionem

181 1561 665 1614 Mesthlinianam
691 1576 728 1613 a
752 1576 849 1612 me
878 1560 1212 1621 institutam,
1241 1559 1561 1625 praesertim
1590 1563 1732 1625 quia
1760 1576 1885 1612 non
1913 1560 2254 1624 impossibile
2284 1561 2388 1612 esse

182 1632 569 1685 Cometarum
593 1639 790 1685 motus
815 1632 917 1684 sub
946 1631 1295 1698 hypothesin
1324 1631 1591 1696 aliquam
1621 1647 1829 1684 eorum
1858 1633 2217 1697 apparentijs
2247 1647 2387 1683 ana-

179 1704 378 1770 logam
408 1705 686 1770 redigere,
718 1703 1006 1763 senserim,
1041 1703 1202 1768 quod
1232 1706 1561 1756 etiamnum
1589 1705 1653 1755 in
1682 1702 2136 1755 controversiam
2165 1717 2388 1763 moveS,

67 1783 156 1828 33v
180 1776 527 1841 properabo.
556 1775 711 1840 Quae
733 1776 804 1827 de
823 1778 939 1827 tuis
960 1775 1302 1840 Mastigibus
1330 1782 1385 1827 et
1410 1770 1985 1843 ca-sslumniatoribus
2012 1774 2156 1826 iusto
2182 1773 2389 1838 procul

181 1846 362 1899 dubio
382 1847 586 1899 dolore
606 1846 890 1912 impulsus
910 1846 1282 1907 intermisceS‚
1310 1862 1446 1898 cum
1469 1846 1553 1898 ‘isti
1580 1846 1746 1907 nihil,
1774 1846 1935 1910 quod
1955 1846 2030 1898 ad
2050 1861 2177 1897 rem
2196 1845 2387 1906 faciat,

179 1921 244 1970 in
268 1919 534 1971 medium
559 1917 844 1979 adferant,
872 1924 927 1969 et
953 1918 1028 1970 ob
1054 1917 1114 1969 id
1139 1920 1506 1970 mentionem
1527 1917 1868 1969 ulteriorem
1888 1932 2013 1968 non
2031 1923 2387 1978 mereantur,

181 2004 284 2042 eos
296 1992 746 2054 praetermittens
762 1989 944 2054 ipsam
960 1989 1358 2053 quaestionem,
1373 1992 1437 2040 in
1451 2004 1572 2053 qua
1583 1989 1686 2041 tibi
1700 1988 1895 2041 adhuc
1906 2004 2030 2040 non
2041 1985 2388 2040 satisfactum

181 2061 284 2113 esse
305 2063 410 2123 aiS,
436 2061 671 2126 plenius
692 2060 1011 2121 discutiam,
1037 2060 1264 2124 tuisque
1285 2060 1477 2125 dubijs
1498 2066 1675 2124 atque
1697 2057 2122 2112 obiectionibus
2142 2059 2389 2111 ulterius

84 2148 132 2182 2⁵
183 2132 454 2185 obviab0.
483 2133 548 2185 Id
568 2132 728 2197 quod
748 2132 852 2184 tibi
870 2147 995 2183 non
1013 2134 1309 2196 ingratum
1329 2130 1581 2191 confid0‚
1609 2134 1731 2183 imo
1751 2131 1824 2183 fic
1844 2130 1985 2191 fore,
2010 2133 2249 2195 propria
2267 2137 2387 2191 tua,

183 2219 304 2269 qua
323 2203 775 2269 disputationem
795 2202 960 2255 illam
981 2202 1222 2263 claudiS‚
1242 2205 1444 2267 petitio
1463 2202 1712 2254 testatur.

254 2275 536 2328 Cometas
568 2281 742 2327 certae
773 2281 1048 2326 motuum
1082 2274 1208 2339 legi,
1242 2274 1749 2338 quemadmodum
1779 2276 1844 2324 in
1875 2272 2130 2325 Planetis
2161 2272 2388 2324 mundo

182 2349 398 2398 coaevis
430 2346 510 2406 fit,
544 2346 776 2411 astringi
806 2361 931 2398 non
962 2346 1129 2410 posse,
1163 2347 1244 2397 ita
1275 2351 1340 2397 ut
1367 2344 1712 2397 universalis
1741 2344 1944 2409 aliqua
1973 2343 2249 2396 omnibus
2277 2342 2387 2395 suf-

180 2417 384 2470 ficiens
414 2417 792 2470 constituatur
820 2416 1171 2482 hypotheHS‚
1201 2416 1304 2468 tibi
1334 2416 1610 2481 equidem
1638 2431 1763 2468 non
1792 2418 1972 2467 invite
2004 2416 2386 2476 concesserim,

86 2503 133 2539 30
182 2504 378 2553 neque
398 2489 458 2541 id
477 2504 748 2553 unquam
774 2489 993 2540 asserui.
1022 2487 1136 2540 Sed
1161 2486 1292 2539 haec
1319 2487 1395 2539 est
1418 2503 1555 2540 mea
1582 2488 1653 2539 de
1679 2487 1774 2538 his
1798 2487 2097 2547 sententia,
2125 2502 2307 2551 quam
2331 2493 2388 2538 te

183 2561 454 2613 nondum
473 2563 694 2625 integre
714 2560 1020 2624 percepisse
1039 2559 1236 2611 video:
1259 2559 1420 2624 quod
1439 2558 1709 2611 videlicet
1724 2559 2008 2619 Cometae,
2031 2573 2103 2610 ex
2124 2573 2243 2622 quo
2265 2573 2387 2609 om-

182 2646 290 2683 nes
303 2647 510 2684 revera
523 2634 586 2683 in
600 2631 722 2696 ipso
743 2630 896 2683 coelo
916 2638 1298 2695 procreentur
1319 2630 1548 2694 (statuat
1569 2646 1642 2682 ex
1661 2630 1754 2682 his
1774 2630 2006 2694 aliquos
2026 2629 2386 2689 sublunareS,

184 2705 287 2767 qui
299 2702 473 2763 volet,
493 2701 643 2754 mihi
662 2702 720 2754 id
741 2717 1126 2767 nequaquam
1143 2701 1467 2754 consonum
1480 2701 1731 2765 videtur)
1754 2702 2065 2753 necessario
2081 2703 2258 2752 etiam
2272 2715 2387 2752 coe-

14 2842 21 2845 *
183 2773 333 2826 lestis
362 2780 594 2826 naturae
622 2776 934 2839 participes
962 2773 1085 2834 fint,
1115 2780 1245 2825 utut
1274 2789 1346 2825 ea
1374 2773 1449 2825 ad
1475 2779 1702 2825 tantam
1730 2769 2148 2837 perfecffionem
2177 2787 2301 2823 non
2326 2770 2390 2823 fit

89 2860 137 2895 35
185 2843 482 2910 ρεῐᾱιιόῖ3,
504 2852 728 2910 quanta
746 2847 810 2897 in
829 2844 1188 2909 perennibus
1206 2844 1320 2896 illis
1338 2844 1680 2909 corporibus
1697 2842 1995 2908 spectatur.
2019 2843 2175 2895 Cum
2189 2849 2389 2894 autem

186 2916 406 2968 coelum
432 2916 622 2981 ipsum
648 2923 703 2968 et
729 2931 865 2980 quae
892 2918 955 2967 in
983 2931 1054 2967 eo
1080 2915 1466 2967 revolvuntur
1486 2930 1752 2980 corpora,
1779 2913 2242 2980 perfeclissimum
2263 2929 2388 2965 mo-

184 2993 328 3047 tum,
365 2987 426 3039 id
461 2987 536 3039 est
571 2987 934 3047 circularem,
969 2986 1084 3038 five
1115 2986 1433 3051 simplicem
1464 2986 1579 3038 five
1612 2985 2011 3050 compofitum,
2044 2985 2389 3037 naturaliter

187 3065 467 3123 appetant
489 3065 666 3122 atque
686 3058 1014 3119 sortiantur,
1041 3073 1166 3109 non
1191 3060 1617 3109 inconveniens
1638 3057 1806 3117 duc0‚
1835 3056 1986 3121 ipsos
2013 3072 2252 3121 quoque
2274 3055 2387 3108 Co-

185 3137 374 3182 metas
396 3129 742 3181 circularem
763 3135 818 3181 et
838 3129 1205 3181 ordinarium
1225 3131 1288 3180 in
1308 3128 1461 3181 coelo
1488 3144 1758 3180 exercere
1785 3127 2033 3189 cursum,
2061 3131 2162 3192 qui
2182 3127 2223 3179 fi
2241 3127 2389 3179 forte

89 3216 137 3251 40
185 3201 262 3253 ad
287 3200 462 3252 instar
488 3200 867 3252 Planetarum
892 3215 1017 3252 non
1042 3202 1208 3251 omni
1234 3216 1307 3251 ex
1331 3206 1496 3264 parte
1522 3199 1819 3251 absolutus
1843 3198 2033 3260 fuerit,
2061 3214 2163 3251 eos
2188 3206 2389 3251 tamen

181 3271 498 3324 aemulatur
530 3278 585 3323 et
618 3273 1072 3335 quamproxime
1106 3271 1181 3323 ad
1213 3271 1606 3323 orbicularem
1638 3277 1693 3323 et
1724 3270 2084 3323 uniformem
2115 3271 2388 3322 incessum

178 3343 378 3395 tendit.
410 3343 553 3394 Non
580 3349 782 3395 tamen
808 3342 1029 3407 ubique
1056 3342 1272 3404 Solem,
1302 3348 1366 3394 ut
1390 3342 1668 3404 Planetae,
1698 3357 1807 3394 nec
1832 3342 2096 3404 Terram,
2125 3349 2189 3394 ut
2216 3342 2387 3424 lumi-

2216 3428 2387 3465 naria
