2644 4030
287 299 591 353 TYCHO
615 299 738 352 AD
763 299 1235 353 CASPARUM
1261 299 1832 352 PEUCERUM13
1860 299 2078 353 SEPT.
2107 301 2252 354 1588
2326 301 2417 353 139

217 442 609 495 instrumentis
639 442 870 495 coelitus
898 442 1174 494 derivatis
1202 442 1399 494 latere.
1431 442 1677 494 Utinam
1702 447 1926 494 veteres
1957 449 2012 494 et
2041 444 2416 495 antecessores

216 513 408 573 nostri,
434 513 754 578 praesertim
779 529 1094 577 nunquam
1117 513 1252 566 satis
1277 513 1375 565 ille
1400 513 1678 565 laudatus
1701 513 2204 566 COPERNICUS
2232 514 2319 578 (ut
2345 515 2416 566 de

215 584 686 638 PTOLOMAEO
713 584 835 650 ipso
864 584 1016 636 nihil
1043 600 1203 637 nunc
1230 583 1463 648 dicam),
1492 590 1720 636 tantam
1746 584 2108 649 diligentiam
2135 591 2189 637 et
2215 588 2415 650 praeci-

214 655 437 708 fionem
456 659 520 708 in
540 659 776 721 organis
797 655 1218 708 Astronomicis
1238 654 1619 708 conficiendis
1640 661 1695 707 et
1715 655 2216 708 observationibus
2244 656 2415 708 coele-

143 744 166 779 5
214 727 388 779 stibus
408 727 484 779 ad
504 728 770 779 amussim
790 727 1151 791 exequendis
1170 726 1574 787 adhibuissent;
1597 727 1872 791 equidem
1892 729 2112 791 ingenti
2131 727 2333 779 labore
2355 730 2416 779 in

214 798 576 850 restituendis
592 797 987 849 aethereorum
1002 813 1318 862 corporum
1331 798 1587 850 motibus
1601 813 1761 850 nunc
1774 813 1992 863 magna
2009 813 2081 850 ex
2098 805 2262 863 parte
2277 798 2415 850 alle-

213 884 507 922 varemur.
530 868 900 921 Excusabiles
919 868 1049 920 sunt
1069 868 1460 921 nihilominus
1479 869 1654 921 nostri
1674 872 1788 921 aevi
1809 868 2235 930 Mathematici,
2258 870 2417 933 quod

97 949 194 994 C3r
212 940 346 992 satis
364 955 583 1005 magna
602 946 858 1004 aptaque
878 939 1275 1001 instrumenta,
1298 936 1319 1008 ΙΙ
1340 940 1553 1004 quibus
1572 940 1843 1006 syderum
1861 947 2057 992 motus
2076 940 2414 1000 scrutentur,

213 1027 338 1064 non
362 1012 694 1076 possideant,
723 1026 859 1063 cum
884 1011 1096 1063 salaria
1123 1026 1332 1063 eorum
1358 1018 1412 1063 et
1434 1014 1540 1063 toti
1559 1012 1779 1063 reditus
1799 1014 1987 1064 annui
2006 1014 2106 1063 vix
2126 1014 2303 1064 unico
2325 1027 2415 1063 or-

123 1100 165 1135 ιο
213 1098 368 1148 gano
388 1085 495 1134 rite
516 1081 902 1134 construendo
920 1081 1395 1147 absolvendoque
1409 1082 1714 1134 sufficiant.
1737 1083 1869 1135 Scio
1885 1086 2103 1135 etenim
2116 1099 2213 1135 me
2227 1083 2415 1148 plera-

213 1169 328 1219 que
354 1154 590 1214 habere‚
618 1169 875 1218 quorum
897 1153 1121 1218 lingula
1139 1153 1462 1217 professoris
1483 1154 1734 1206 alicuius
1753 1156 1817 1206 in
1835 1153 2047 1206 scholis
2066 1155 2416 1219 stipendium

211 1241 484 1278 annuum
511 1225 607 1277 vel
634 1227 965 1276 maximum
996 1227 1183 1289 pretio
1216 1223 1597 1276 confectionis
1627 1225 1800 1290 longe
1834 1225 2194 1290 exsuperent.
2221 1225 2416 1278 Tanta

212 1296 288 1349 est
315 1297 595 1349 ditiorum
622 1295 939 1348 hominum
969 1303 1024 1347 et
1051 1295 1371 1360 praesertim
1397 1296 1623 1361 Regum
1652 1311 1720 1348 ac
1749 1297 2089 1361 Principum
2119 1313 2256 1362 erga
2284 1297 2414 1349 haec

210 1367 482 1420 sublimia
505 1367 691 1420 studia
714 1367 1099 1428 illiberalitas;
1125 1370 1300 1431 pauci
1327 1370 1487 1419 enim
1512 1383 1672 1419 nunc
1690 1367 1787 1419 vel
1811 1370 2006 1432 potius
2029 1368 2179 1419 nulli
2199 1370 2412 1432 reperi-

120 1457 163 1492 15
211 1446 391 1492 untur
410 1439 594 1504 Reges
612 1438 1035 1491 ALPHONSI.
1064 1438 1242 1503 Quod
1261 1438 1303 1490 fi
1321 1441 1535 1503 partim
1562 1454 1636 1490 ex
1659 1441 1911 1503 propriJ‘s
1933 1439 2102 1490 bonis
2123 1445 2179 1490 et
2197 1438 2410 1499 fundiS‚
2431 1474 2438 1480 «

211 1514 426 1576 partim
450 1526 554 1575 per
578 1509 758 1562 huius
779 1510 961 1575 Regni
980 1509 1159 1562 feuda
1179 1510 1359 1575 Regia
1383 1512 1469 1562 rei
1493 1509 1772 1562 familiari
1795 1509 2004 1562 nostrae
2024 1513 2106 1562 ita
2126 1510 2330 1561 divina
2347 1510 2412 1561 li-

210 1582 513 1635 beralitate
538 1579 906 1646 prospec'tum
931 1597 1056 1633 non
1082 1582 1225 1642 esset,
1254 1588 1319 1633 ut
1346 1581 1440 1633 his
1467 1587 1522 1633 et
1547 1581 1680 1647 alijs
1705 1581 2027 1645 sumptibus
2053 1581 2414 1645 perferendis

210 1669 319 1719 par
333 1654 436 1705 esse
450 1654 680 1718 possem,
699 1652 906 1704 frustra
924 1653 1078 1712 sane,
1101 1652 1323 1704 etiamsi
1343 1658 1556 1705 caetera
1576 1655 1781 1705 omnia
1800 1652 2085 1713 adforent,
2107 1659 2271 1704 tanta
2289 1668 2414 1704 mo-

211 1725 364 1777 lirer.
386 1723 767 1776 Exaedificavi
787 1727 967 1776 etiam
986 1727 1140 1776 intra
1159 1723 1273 1776 hoc
1292 1726 1633 1788 proximum
1649 1724 2003 1776 decennium
2017 1739 2214 1775 arcem
2229 1739 2414 1788 quan-

117 1813 164 1849 20
212 1796 352 1848 dam
371 1798 434 1847 in
453 1795 566 1848 hac
585 1794 775 1848 insula
791 1795 1184 1847 Astronomiae
1204 1797 1473 1860 inprimis
1492 1795 1898 1847 instaurationi
1918 1801 2331 1860 opportunam,
2352 1798 2415 1846 in

94 1870 381 1920 C3vcuius
408 1867 607 1919 media
633 1872 689 1919 et
713 1862 927 1919 maiori
953 1867 1132 1919 domo
1161 1861 1590 1935 in-ssstrumenta
1616 1867 1893 1931 quaedam
1918 1866 2327 1918 Astronomica
2351 1868 2414 1917 in

212 1939 442 1991 duabus
461 1938 756 1990 turriculis
774 1938 974 1990 versus
993 1938 1271 1990 Austrum
1287 1944 1342 1990 et
1356 1938 1612 1990 Boream
1632 1953 1769 1990 cum
1787 1938 1902 1989 suis
1924 1940 2173 1989 annexis
2193 1953 2411 2001 appen-

212 2009 437 2062 dicibus
467 2009 868 2074 disponuntur.
901 2010 1193 2061 Praeterea
1221 2025 1346 2061 non
1373 2009 1547 2074 longe
1578 2016 1742 2061 extra
1770 2024 1968 2061 arcem
1997 2011 2060 2060 in
2087 2008 2412 2060 monticulo

212 2081 475 2146 quodam
494 2080 657 2133 aliud
678 2080 1140 2133 observatorium
1158 2080 1602 2132 subterraneum
1627 2082 1781 2131 intra
1807 2080 2266 2144 quadriennium
2285 2079 2413 2130 fieri

117 2170 163 2205 25
212 2155 431 2212 curavi,
451 2155 516 2204 in
535 2167 655 2217 quo
675 2153 708 2204 7
729 2152 955 2204 diversa
975 2158 1030 2204 et
1050 2151 1331 2216 exquisita
1350 2158 1478 2203 tum
1496 2151 1917 2216 magnitudine,
1937 2157 2065 2202 tum
2083 2150 2275 2202 forma
2296 2150 2412 2202 ela-

210 2223 420 2276 borata
433 2239 657 2289 organa
671 2223 1103 2283 conservantur,
1122 2225 1204 2274 ita
1220 2230 1284 2274 ut
1299 2222 1599 2287 quodlibet
1613 2238 1821 2274 eorum
1834 2224 2135 2286 propriam
2151 2228 2414 2287 cryptam

212 2301 473 2359 occupet,
495 2310 631 2359 quae
650 2294 915 2359 superius
932 2296 1148 2359 aperiri
1165 2303 1237 2354 et,
1258 2296 1322 2345 in
1342 2309 1741 2358 quancunque
1762 2293 1897 2345 coeli
1915 2299 2144 2357 partem
2162 2293 2411 2353 libuerit,

213 2365 537 2419 observatio
554 2381 658 2430 per
674 2365 1123 2417 instrumentum
1140 2365 1306 2430 dirigi
1323 2366 1498 2429 possit,
1519 2364 1669 2416 nihil
1683 2363 2038 2417 obstantibus
2052 2367 2276 2416 caeteris
2290 2379 2412 2416 ma-

213 2437 419 2490 chiniS.
447 2436 537 2489 Est
563 2439 723 2488 enim
748 2436 914 2488 locus
939 2436 1038 2488 ille
1063 2438 1146 2488 ita
1172 2436 1360 2488 editus
1387 2436 1893 2500 quemadmodum
1917 2442 2040 2488 tota
2061 2435 2182 2487 fere
2205 2435 2411 2495 insula,

116 2525 164 2561 30
212 2515 276 2561 ut
300 2507 482 2560 libere
507 2507 760 2560 horizon
778 2507 1013 2559 visibilis
1037 2507 1206 2559 nullo
1231 2507 1624 2559 intercedente
1651 2507 2072 2571 impedimento
2097 2513 2309 2570 pateat,
2337 2506 2411 2558 ob

212 2595 395 2645 quam
424 2585 480 2631 et
505 2579 867 2644 peculiarem
893 2579 1373 2631 commoditatem
1398 2581 1462 2630 in
1489 2578 1602 2630 hac
1626 2580 1822 2642 potius
1847 2577 2038 2629 insula
2063 2593 2246 2642 quam
2271 2577 2412 2629 alibi

210 2657 295 2704 tot
318 2650 581 2715 sumptus
606 2650 718 2702 feci
741 2650 1046 2715 tantosque
1071 2649 1304 2702 labores
1328 2649 1641 2702 exantlavi.
1668 2650 1837 2700 Arcis
1857 2664 1999 2700 vero
2019 2648 2178 2700 illius
2197 2648 2295 2700 hic
2316 2664 2410 2700 ex-

211 2721 434 2775 struc‘tae
455 2721 930 2783 delineationem,
958 2728 1249 2786 quantum
1269 2721 1345 2773 ad
1366 2737 1438 2773 ea
1457 2723 1676 2780 attinet,
1698 2736 1834 2784 quae
1853 2720 2027 2784 supra
2045 2719 2291 2771 Terram
2310 2735 2410 2784 pa-

211 2800 333 2846 tent
358 2800 414 2846 et
440 2795 694 2845 exterius
718 2791 1061 2858 spectantur,
1087 2793 1190 2845 tibi
1216 2792 1313 2844 hic
1339 2790 1678 2844 adiuncstam
1702 2794 1886 2851 mitt0,
1913 2798 1977 2843 ut
2002 2791 2205 2855 aliquo
2230 2790 2411 2842 modo

117 2881 164 2917 35
213 2881 286 2917 ex
306 2867 433 2917 eius
449 2862 804 2929 inspectione
822 2863 1165 2929 cognoscere
1182 2865 1365 2929 possiS‚
1385 2879 1482 2916 me
1496 2878 1622 2915 rem
1636 2862 1782 2915 serio
1798 2878 1986 2927 agere,
2008 2862 2205 2926 quoad
2219 2861 2410 2913 Astro-

95 2944 192 2988 <34r
211 2939 480 2988 nomiam
501 2935 718 2988 honori
738 2931 760 3004 ΙΙ
781 2942 835 2987 et
854 2938 1031 2987 nitori
1051 2935 1361 2995 restituam,
1390 2950 1578 2999 eaque
1598 2937 1662 2985 in
1681 2949 1743 2986 re
1763 2933 1912 2985 nulli
1932 2933 2187 2997 sumptui
2207 2939 2310 2984 aut
2328 2933 2410 2984 la-

211 3008 340 3060 bori
367 3022 624 3071 parcere.
655 3006 1014 3073 Cryptarum
1041 3006 1280 3058 illarum
1308 3004 1612 3071 picturam,
1644 3020 1779 3070 quae
1806 3003 2116 3056 difficulter
2140 3007 2204 3055 in
2228 3004 2410 3068 plano

213 3078 536 3138 exhibetur,
556 3078 780 3130 nedum
801 3080 1032 3130 exarari
1052 3080 1271 3130 curavi.
1292 3078 1517 3129 Verum
1536 3076 1666 3128 haec
1686 3078 1891 3128 omnia
1909 3077 2034 3127 una
2053 3091 2190 3127 cum
2209 3075 2410 3127 instru-

211 3155 551 3201 mentorum
575 3148 798 3201 fabrica
818 3156 873 3200 et
891 3149 999 3200 usu
1018 3151 1082 3200 in
1100 3151 1292 3213 primo
1312 3155 1475 3201 tomo
1497 3150 1689 3212 operis
1710 3147 1782 3199 de
1802 3146 2179 3199 Astronomia
2199 3146 2410 3198 instau-

118 3237 165 3273 40
213 3220 418 3280 randa,
440 3235 576 3284 quae
591 3220 1010 3272 Mechanicam
1024 3222 1168 3281 eim,
1185 3226 1250 3272 ut
1264 3220 1400 3277 dixi,
1422 3226 1650 3284 partem
1664 3218 1998 3279 continebit,
2015 3220 2410 3269 convenienti-

211 3291 322 3343 bus
351 3290 844 3344 delineationibus
871 3292 945 3343 ob
973 3291 1177 3344 oculos
1204 3306 1426 3355 ponere
1455 3289 1921 3354 sufficienterque
1950 3289 2247 3342 declarare
2275 3304 2409 3341 con-

213 3362 379 3415 stitui.
406 3362 637 3414 Interea
657 3361 1034 3427 quorundam
1053 3362 1586 3422 instrumentorum,
1608 3376 1743 3425 quae
1763 3358 2047 3412 hafienus
2069 3357 2295 3482 deplic'ssa
2315 3375 2409 3411 ex-

359 3443 424 3479 18·
2098 3447 2170 3482 cu
2195 3447 2231 3495 p
2257 3445 2410 3494 aque
