2644 4030
245 296 338 347 160
777 291 1215 345 EPISTOLAE
1241 291 1912 344 ASTRONOMICAE

244 436 360 496 ista,
383 450 517 499 quae
532 437 594 486 in
609 434 779 486 Luna
792 433 871 495 fit,
892 436 1181 486 maiorem
1197 432 1590 485 demonstrare
1605 435 1798 485 conati
1813 432 1935 485 sint.
1957 433 2050 486 Sic
2063 436 2277 486 veritas
2289 434 2441 499 saepe

243 510 364 559 vim
393 508 628 570 patitur,
661 505 766 556 nifi
796 520 882 565 ea,
917 520 1052 569 quae
1081 503 1223 556 falsa
1251 503 1396 565 sunt,
1428 503 1665 556 solerter
1693 504 2120 557 semoveantur.
2153 505 2442 558 Praeterea

243 577 430 629 multa
451 579 603 628 circa
621 575 736 628 hoc
755 582 943 627 totum
963 578 1266 640 negotium
1285 577 1348 626 in
1367 574 1622 627 secunda
1635 581 1799 640 parte
1814 578 2202 636 continentur,
2223 575 2295 628 de
2316 580 2441 641 qui-

243 649 434 701 busin
452 650 646 711 priore
669 662 793 699 non
814 646 1063 698 dabatur
1083 646 1382 698 disserendi
1403 645 1642 698 occafio.
1670 646 1905 711 Perlege
1931 648 2105 711 igitur
2129 662 2234 711 per
2253 650 2442 699 otium

244 726 299 771 et
312 719 467 771 hanc
481 717 855 783 posteriorem
870 717 1002 769 libri
1016 714 1439 769 distinctionem
1454 716 1774 782 diligenter,
1797 724 1851 769 et
1870 723 1998 769 tum
2015 717 2255 770 demum
2272 725 2442 770 tuum

244 791 315 843 de
336 805 407 842 ea
426 789 710 841 iudicium
731 803 953 853 prome.
976 788 1140 839 Dicis
1159 794 1214 840 te
1235 788 1411 840 rudes
1426 788 1684 840 eiusdem
1700 788 1967 841 Cometae
1981 788 2162 841 fecisse
2177 789 2441 841 observa-

242 864 448 921 tioneS,
470 860 683 924 quibus
699 862 864 911 iuxta
882 859 1516 911 REGIOMONTANI
1530 859 1745 923 placita
1760 875 1899 912 eum
1912 862 2157 912 minime
2171 859 2442 912 subluna-

242 947 368 984 rem
382 930 537 984 fuisse
553 930 1024 995 deprehenderiS‚
1040 929 1218 994 idque
1226 929 1670 983 WITTICHIO
1687 930 1761 982 ad
1775 946 1871 982 me
1885 930 2268 996 proficiscenti
2281 933 2443 996 prius

242 1003 524 1055 indicasse.
551 1002 630 1054 At
655 1001 753 1053 ille
781 1017 916 1053 cum
943 1001 1039 1053 hic
1066 1002 1288 1062 adesset,
1315 1000 1466 1053 nihil
1485 1001 1601 1053 tale
1620 1001 1915 1063 sentiebat,
1942 1002 2038 1054 sed
2065 1008 2188 1054 erat
2210 1001 2443 1067 prorsus

242 1075 761 1139 Peripateticorum
782 1074 1064 1137 opinione
1085 1072 1361 1133 imbutuS,
1390 1072 1670 1125 Cometas
1691 1088 1899 1124 omnes
1918 1075 1981 1125 in
2001 1076 2137 1125 aere
2157 1073 2310 1125 infra
2330 1073 2441 1125 Lu-

242 1160 384 1198 nam
403 1147 621 1210 vagari,
648 1144 884 1209 illicque
906 1159 937 1195 e
957 1143 1384 1196 fumofitatibus
1405 1160 1437 1195 e
1457 1143 1640 1195 Terra
1664 1142 1917 1197 attractis
1939 1144 2326 1197 exardescere.
2355 1144 2442 1196 Id-

243 1232 432 1281 eoque
462 1215 871 1268 MAESTLINI
901 1221 955 1267 et
984 1215 1241 1267 aliorum
1273 1217 1568 1267 contraria
1598 1215 1813 1280 placita
1844 1215 2229 1279 improbabat,
2263 1230 2444 1280 quam

241 1294 442 1340 tamen
461 1287 823 1348 sententiam,
844 1292 1167 1351 antequam
1187 1286 1325 1338 hinc
1340 1289 1405 1338 in
1423 1286 1816 1339 Germaniam
1836 1287 2064 1348 rediret,
2085 1289 2349 1347 mutavit,
2371 1301 2443 1338 eo

243 1359 402 1424 quod
423 1374 454 1410 e
474 1361 621 1410 meis
643 1357 1144 1410 observationibus
1164 1357 1260 1409 vel
1278 1360 1341 1409 in
1362 1357 1464 1409 illo
1483 1357 1750 1418 Cometa,
1773 1361 1874 1422 qui
1894 1373 2056 1410 anno
2071 1358 2140 1410 80
2154 1360 2442 1422 apparuit,

243 1445 363 1494 quo
389 1436 652 1495 tempore
678 1444 914 1481 mecum
938 1428 1062 1490 fuit,
1089 1429 1257 1481 aliter
1282 1429 1338 1480 se
1364 1444 1490 1480 rem
1515 1428 1734 1481 habere
1757 1428 2161 1481 institueretur.
2190 1429 2444 1481 Memini

242 1508 441 1555 tamen
466 1501 714 1565 teipsum
739 1500 1064 1565 aliquando
1090 1500 1255 1560 mihi,
1284 1516 1420 1552 cum
1440 1499 1814 1552 Rostochium
1836 1501 2265 1565 peregrinando
2288 1506 2443 1552 tran-

242 1572 427 1632 firem,
461 1572 669 1633 dixisse‚
703 1571 932 1624 nullam
963 1574 1026 1623 in
1059 1587 1130 1623 eo
1162 1571 1412 1623 Cometa
1440 1578 1495 1623 te
1527 1574 1794 1623 invenire
1826 1572 2062 1636 potuisse
2094 1571 2443 1636 parallaxin,

243 1643 529 1696 imitando
555 1650 814 1695 mentem
836 1642 1486 1702 REGIOMONTANI,
1514 1649 1569 1695 et
1594 1658 1698 1707 per
1724 1643 2028 1695 azimutha
2051 1650 2228 1708 atque
2252 1642 2443 1695 altitu-

243 1715 409 1767 dines
427 1730 562 1766 cum
579 1713 891 1779 interlapso
911 1721 1175 1778 tempore
1196 1729 1322 1765 rem
1342 1729 1583 1766 omnem
1604 1715 1987 1778 explorand0,
2008 1715 2249 1778 unaque
2269 1720 2408 1766 tunc
2423 1708 2444 1782 ΙΙ

2496 1091 2539 1127 10

2497 1447 2540 1482 15

242 1788 522 1850 temporis
547 1785 995 1837 instrumentum
1021 1785 1321 1845 ostendisti,
1350 1801 1469 1849 quo
1497 1784 1962 1837 observationem
1985 1784 2141 1837 hanc
2161 1785 2574 1850 aggressus102v

244 1872 321 1918 eS,
344 1857 503 1921 quod
523 1863 724 1909 tamen
743 1856 859 1908 tale
879 1855 1028 1907 mihi
1047 1856 1370 1916 videbatur,
1392 1862 1455 1908 ut
1474 1855 1515 1907 fi
1534 1871 1639 1920 per
1658 1856 1821 1908 aliud
1840 1856 2174 1921 parallaxin
2196 1856 2253 1908 10
2272 1856 2367 1908 vel
2386 1855 2443 1907 15

242 1929 533 1993 graduum
546 1928 853 1992 reperisseS,
869 1943 993 1980 non
1005 1928 1079 1979 ob
1091 1928 1150 1979 id
1161 1927 1513 1992 sequeretur,
1527 1927 1840 1980 Cometam
1851 1927 2011 1980 hunc
2024 1927 2444 1979 elementarem

241 1999 419 2059 fuisse,
447 2015 589 2051 nam
614 2001 806 2050 maior
824 2001 888 2050 in
907 1998 1223 2050 azimuthis
1245 2005 1299 2050 et
1320 1998 1725 2051 altitudinibus
1744 1998 1913 2050 fimul
1933 1999 2232 2063 capiendis
2252 2001 2442 2063 requi-

242 2073 386 2122 ritur
400 2070 714 2135 diligentia,
734 2085 916 2134 quam
930 2068 1214 2122 haeftenus
1229 2085 1266 2122 a
1279 2069 1478 2121 multis
1494 2069 1569 2121 est
1582 2068 1893 2134 perspedta,
1913 2069 2231 2135 praesertim
2246 2072 2309 2122 in
2322 2077 2444 2122 tam

241 2141 430 2193 subtili
450 2144 702 2206 negoti0,
723 2140 825 2193 ubi
846 2156 878 2193 e
897 2143 1160 2193 minimis
1179 2143 1443 2193 maxima
1464 2148 1767 2201 eruuntur,
1790 2147 1844 2193 et
1863 2144 2143 2206 temporis
2164 2140 2445 2206 exquisita

242 2216 304 2265 in
332 2215 528 2277 quinis
553 2212 648 2264 vel
674 2212 841 2265 denis
866 2212 1132 2264 secundis
1160 2215 1431 2277 cognitio,
1460 2212 1652 2277 qualis
1678 2213 1988 2264 necessaria
2015 2219 2153 2272 erat,
2183 2213 2286 2264 tibi
2311 2212 2444 2264 satis

241 2282 535 2348 perspecta
556 2285 658 2336 esse
679 2299 1062 2348 nequaquam
1087 2286 1293 2348 potuit.
1322 2284 1464 2335 Non
1491 2286 1652 2335 enim
1671 2298 1775 2348 per
1795 2283 2131 2336 altitudines
2150 2283 2445 2336 stellarum

244 2370 316 2407 ea
340 2354 474 2407 satis
498 2354 733 2419 praecise
760 2355 1087 2420 indagatur,
1115 2361 1179 2407 ut
1205 2354 1353 2407 alias
1378 2358 1603 2407 monui.
1631 2356 1829 2420 Atque
1851 2355 1925 2407 ob
1948 2355 2007 2407 id
2031 2355 2354 2416 eveniebat,
2381 2361 2445 2406 ut

243 2429 666 2491 operationem,
692 2426 852 2478 velut
877 2426 1118 2491 ipsemet
1142 2433 1269 2478 tum
1294 2425 1462 2478 fassus
1489 2441 1566 2486 ες,
1595 2426 1893 2478 absolvere
1921 2442 1953 2478 e
1980 2425 2443 2479 REGIOMON-

241 2497 432 2549 ΤΑΝΙ
451 2498 783 2562 praescripto
805 2498 1144 2550 nullatenus
1164 2500 1439 2562 potueriS.

313 2568 582 2621 Tandem
608 2568 926 2629 concludiS,
953 2585 1078 2621 non
1105 2584 1255 2634 opus
1281 2568 1437 2621 fuisse
1459 2569 1530 2621 de
1551 2584 1613 2620 re
1634 2584 1945 2633 nunquam
1965 2574 2298 2621 recurrente
2318 2575 2443 2620 tan-

241 2647 369 2692 tum
388 2641 607 2692 laboris
627 2640 925 2705 suscipere,
950 2647 1014 2692 ut
1035 2655 1243 2692 omnes
1262 2647 1536 2692 motuum
1557 2640 2012 2692 circumstantias
2032 2647 2154 2692 tam
2174 2645 2444 2692 accurate

243 2712 791 2772 demonstrarentur,
813 2712 1138 2764 dummodo
1152 2711 1370 2772 saltem,
1391 2727 1470 2763 an
1484 2714 1547 2762 in
1561 2711 1835 2771 aetherea,
1852 2727 1931 2763 an
1944 2727 2086 2763 vero
2102 2711 2444 2763 elementari

243 2785 479 2848 regione
500 2783 800 2835 versentur
821 2783 1105 2843 Cometae‚
1132 2782 1303 2834 nobis
1324 2782 1648 2842 constiterit,
1675 2782 1959 2847 liquidem
1984 2782 2097 2834 hac
2118 2783 2189 2834 de
2209 2797 2272 2833 re
2293 2784 2444 2833 inter

242 2853 627 2919 Philosophos
652 2856 953 2919 praecipua
972 2861 1245 2906 movetur
1265 2853 1671 2906 controversia.
1701 2854 1770 2905 Et
1794 2869 1899 2918 per
1918 2853 2231 2906 Halonum
2251 2852 2442 2904 fimili-

243 2940 464 2989 umque
485 2932 886 2977 meteororum
905 2925 1334 2977 instabilitatem
1355 2931 1530 2989 atque
1553 2924 2019 2977 evanescentiam
2037 2927 2214 2977 etiam
2230 2924 2442 2976 Come-

243 3002 331 3047 tas
352 3012 475 3047 non
494 2997 753 3062 indigere
775 2997 1100 3049 admodum
1121 2996 1381 3061 diligenti
1401 2995 1924 3056 animadversione,
1951 2995 2165 3047 inferre
2193 2998 2442 3056 conariS,

244 3067 395 3118 adeo
410 3074 472 3118 ut
486 3067 831 3133 subiungere
846 3084 969 3119 non
984 3068 1228 3128 dubiteS,
1244 3070 1505 3132 extingui
1519 3083 1654 3119 cum
1668 3067 1790 3131 ipso
1803 3074 2067 3119 meteoro
2079 3070 2204 3119 eius
2215 3068 2444 3132 generis

244 3137 465 3201 scripta.
495 3137 694 3201 Quam
713 3154 854 3190 vero
875 3138 1091 3191 fincere
1114 3145 1168 3190 et
1188 3137 1339 3190 recte
1360 3138 1489 3190 haec
1510 3154 1546 3190 a
1565 3145 1621 3190 te
1640 3138 2029 3202 proferantur,
2053 3138 2309 3190 aliorum
2329 3137 2443 3189 esto

2493 2159 2540 2194 25

2493 2514 2540 2550 30

2493 2870 2538 2905 35

244 3209 544 3260 iudicium.
574 3209 746 3262 Certe
774 3209 1356 3262 ROTHMANNUS
1385 3209 1557 3274 longe
1584 3210 1751 3261 aliter
1777 3210 1848 3261 de
1877 3212 2025 3261 meis
2053 3209 2351 3261 laboribus
2381 3211 2443 3259 in
2491 3224 2539 3259 40

245 3278 358 3330 hoc
386 3279 771 3331 Cometarum
797 3284 1032 3345 negotio
1061 3288 1331 3333 accurate
1359 3281 1673 3332 enodando
1699 3281 1879 3341 sentit,
1906 3287 1970 3332 ut
1995 3281 2090 3332 vel
2116 3296 2147 3332 e
2173 3282 2442 3345 portione

245 3350 548 3423 literarum
578 3345 599 3418 ΙΙ
629 3353 754 3402 eius
786 3367 976 3416 nuper
1008 3352 1083 3403 ad
1112 3367 1208 3403 me
1239 3352 1527 3413 datarum,
1561 3367 1743 3416 quam
1772 3353 1896 3404 una
1924 3367 2019 3403 me
2047 3354 2275 3403 mittere
2304 3351 2440 3410 dixi,
2460 3359 2566 3403 103r

2243 3421 2441 3473 videre
