2632 4022
702 288 1398 342 ANNOTATIONES
1426 288 1897 342 EDITORUM
2298 290 2401 341 397

130 439 146 457 r
195 428 389 472 tudinis
403 432 633 472 cometae
649 429 758 472 DE.
780 429 1051 484 Explicavi
1068 429 1298 473 breviter
1315 429 1817 473 demonstrationem
1832 428 1853 488 ΙΙ
1869 430 1930 472 D.
1943 429 2213 481 Thaddaei‚
2230 430 2282 472 in
2297 442 2402 484 qua

195 500 302 532 non
322 488 393 532 est
413 499 547 543 opus
566 489 833 543 explicare
850 492 1078 543 quantus
1093 490 1150 532 s1t
1165 490 1386 544 angulus
1399 490 1553 541 ABC,
1576 501 1673 533 nec
1692 492 1920 544 quantus
1936 490 1993 533 fit
2008 490 2227 545 angulus
2243 490 2336 532 BD
2347 491 2400 541 E,

195 560 323 590 nam
345 548 449 591 sine
469 548 578 602 ipso
600 548 949 592 demonstrari
967 548 1133 603 potest
1152 549 1374 592 latitudo
1395 551 1446 592 et
1466 549 1641 604 longit.
1665 549 1917 592 Cometae.

266 607 466 650 Verum
494 607 547 649 in
577 608 785 651 calculo
813 619 880 651 ex
906 619 1012 662 quo
1040 608 1386 662 deprehendit
1414 611 1686 652 cometam
1717 608 2019 652 culminasse
2049 609 2248 651 coelum
2278 620 2402 651 cum

195 666 452 721 principio
479 667 588 721 ipso
607 671 682 719 V,
713 667 803 710 nisi
829 678 926 722 ego
951 667 1124 718 fallor,
1153 668 1223 711 est
1250 679 1413 711 error.
1446 668 1587 710 Nam
1618 668 1660 710 1⁸
1682 668 1765 711 die
1793 668 2018 724 Ianuarij
2047 668 2106 710 A.
2129 667 2186 711 73
2211 668 2347 712 hora
2375 667 2403 710 4

197 726 267 769 Μ.
289 726 347 769 30
366 726 587 770 Viennae
619 732 664 777 Θ
697 737 763 769 ex
788 726 981 770 tabulis
1007 728 1072 770 de
1098 728 1144 782 0‘
1170 730 1222 770 et
1249 733 1289 777 ὁ)
1317 727 1659 770 luminarium
1678 727 1952 783 Purbachij
1975 727 2237 770 invenitur
2259 727 2403 771 fuisse

195 786 248 828 in
266 786 349 828 210
367 785 448 828 46⁴
482 790 517 837 z
548 785 698 828 cuius
718 784 862 829 red'ta
883 786 1112 830 ascensio
1139 785 1315 829 iuncta
1336 798 1462 830 cum
1482 786 1568 829 67g
1587 787 1666 830 30⁴
1688 798 1785 841 pro
1805 787 1835 829 4
1854 787 1998 830 horis
2024 787 2104 830 30¹
2126 787 2197 830 est
2215 787 2333 830 361g
2355 787 2402 829 1¹

194 845 225 888 i.
248 857 293 888 e.
321 844 373 887 1³
395 845 459 896 1⁴,
485 847 537 888 et
558 845 780 899 proinde
800 848 1014 889 cometa
1038 846 1310 889 mediabat
1330 847 1529 889 coelum
1550 857 1674 889 curn
1699 846 1751 888 1g
1770 848 1813 889 7⁴
1835 845 1947 889 fere
1965 851 2026 898 V
2044 850 2096 889 et
2115 847 2403 890 secundum

196 904 438 947 Stadium
458 903 772 948 sectatorem
790 905 1097 948 tabularum
1117 905 1513 948 Prutenicarum
1534 906 1806 950 mediabat
1825 907 2025 949 coelum
2042 917 2167 949 curn
2185 906 2238 949 16
2254 906 2402 958 M.V‚

197 964 284 1007 sed
297 963 475 1007 verior
488 964 725 1008 calculus
739 964 811 1008 est
823 964 1117 1020 Purbachij‚
1138 968 1196 1007 ut
1216 976 1282 1008 ex
1302 966 1429 1008 data
1451 965 1722 1009 altitudine
1737 965 2050 1019 AEquatoris
2065 968 2116 1008 et
2130 966 2403 1008 altitudine

195 1023 491 1067 meridiana
516 1029 561 1074 Θ
589 1022 811 1067 collecta
831 1024 944 1067 eius
964 1024 1315 1068 declinatione
1336 1027 1388 1068 et
1407 1025 1631 1068 areatim
1650 1025 1704 1067 in
1722 1025 1963 1068 tabulam
1990 1025 2404 1068 declinationum

195 1083 418 1126 immissa
432 1083 652 1126 inveniri
667 1083 900 1138 quotidie
919 1084 1100 1139 potest.
1115 1084 1501 1128 Constituamus
1516 1096 1640 1139 ergo
1653 1085 1933 1128 Cometam
1944 1085 2143 1128 coelum
2158 1084 2405 1127 mediasse

196 1154 322 1186 cum
346 1142 399 1185 lg
417 1144 445 1186 7
456 1145 551 1195 ’νζ
573 1142 671 1185 erit
691 1146 981 1198 apparatus
1001 1143 1462 1187 demonstrationis
1483 1144 1552 1187 ad
1572 1145 1922 1198 quaerendam
1941 1144 2118 1199 longit.
2139 1147 2191 1187 et
2207 1145 2295 1187 lat.
2313 1144 2405 1187 Co·

197 1205 357 1245 metae
381 1202 517 1246 talis.
546 1202 738 1246 CAGK
765 1205 824 1245 ut
848 1202 1008 1257 prius,
1036 1203 1138 1246 KD
1160 1206 1211 1246 et
1231 1203 1332 1246 GD
1352 1206 1411 1246 ut
1431 1203 1592 1258 prius,
1621 1204 1751 1246 CBE
1771 1206 1829 1247 ut
1847 1204 2007 1258 prius,
2035 1203 2231 1246 ABHF
2253 1203 2406 1246 Meri-

197 1262 385 1305 dianus
405 1262 719 1316 AEquatoris
739 1273 866 1305 cum
887 1274 992 1317 quo
1014 1263 1214 1306 coelum
1233 1263 1507 1306 mediabat
1526 1263 1763 1315 Cometa,
1785 1263 1875 1306 DF
1893 1263 2135 1306 Ascensio
2155 1262 2300 1306 recta
2320 1274 2406 1306 00-

196 1324 372 1373 metae,
395 1322 442 1364 D
453 1321 503 1364 H
517 1322 691 1376 portio
706 1322 973 1376 Eclipticae
988 1325 1040 1365 et
1054 1322 1339 1366 ascensioni
1351 1321 1512 1365 rectae
1528 1323 1866 1374 conveniens,
1888 1323 1924 1364 F
1934 1322 1982 1364 H
1998 1322 2280 1366 declinatio
2295 1322 2406 1365 eius

197 1382 391 1436 gradus
405 1381 688 1436 Eclipticae,
704 1381 780 1424 FB
795 1381 1077 1425 declinatio
1091 1382 1345 1433 Cometae,
1362 1383 1439 1424 BE
1454 1383 1566 1425 eius
1578 1382 1818 1433 latitudo,
1835 1382 1975 1424 EHD
1992 1382 2102 1425 eius
2117 1382 2402 1436 longitudo.

196 1441 362 1484 Posito
383 1439 488 1484 hoc
510 1443 772 1495 apparatu
793 1442 1014 1496 angulus
1034 1441 1177 1484 CHF
1195 1452 1303 1484 non
1323 1441 1394 1484 est
1413 1440 1587 1484 rectus
1608 1441 1695 1484 sed
1716 1441 1946 1493 obtusus,
1976 1441 2098 1495 quia
2126 1442 2300 1485 maior
2320 1454 2407 1484 an-

197 1501 318 1555 gulo
338 1499 483 1544 red'to
504 1500 668 1552 CAD,
690 1512 856 1554 quare
875 1511 984 1544 non
1003 1500 1197 1555 poterit
1215 1500 1508 1556 investigari
1529 1512 1625 1555 per
1643 1501 1700 1543 25
1720 1501 1890 1555 probl.
1912 1499 2226 1555 praedic’tum
2247 1513 2407 1555 quan-

196 1559 319 1602 titas
347 1571 504 1603 arcus
531 1560 630 1602 CB.
662 1559 840 1612 Quare
870 1560 1107 1603 existimo
1138 1561 1207 1603 ob
1237 1560 1377 1603 hanc
1408 1561 1627 1604 causam
1653 1560 1935 1604 decrevisse
1964 1560 2017 1603 in
2045 1561 2222 1604 lucem
2249 1561 2406 1604 edere

198 1619 361 1662 aliam
381 1618 707 1663 exactiorem
721 1622 774 1662 et
787 1620 1140 1674 copiosiorem
1154 1620 1682 1663 commentationem.
1706 1620 1939 1663 Obsecro
1953 1619 2131 1674 itaque
2144 1623 2197 1663 te
2210 1623 2269 1662 ut
2282 1631 2405 1663 meo

197 1679 414 1722 nomine
434 1679 534 1721 Dn.
554 1679 889 1722 Thaddaeum
916 1679 983 1722 ab
1014 1679 1175 1734 Hayk
1201 1680 1393 1723 salutes
1413 1679 1809 1734 cohorterisque
1831 1682 1890 1722 ut
1913 1680 1979 1723 ab
2007 1679 2218 1734 incepto
2246 1691 2407 1734 opere

134 1747 154 1763 v
197 1749 306 1782 non
320 1738 524 1782 desistat
537 1750 747 1782 memor
760 1738 896 1782 illius
910 1739 1178 1782 sententiae
1189 1739 1490 1782 Salomonis
1501 1750 1517 1782 .·
1528 1739 1605 1782 Tu
1622 1737 1642 1798 ΙΙ
1655 1739 2017 1793 quodcunque
2026 1739 2190 1793 potes
2204 1738 2404 1791 facere,

197 1796 458 1840 instanter
473 1807 717 1852 operare,
741 1797 869 1852 quia
892 1799 1110 1852 tempus
1130 1799 1189 1841 et
1205 1797 1414 1842 occasio
1435 1797 1583 1841 deest
1602 1797 2059 1841 descendentibus
2073 1798 2145 1841 ad
2157 1797 2404 1841 infer0s1.

199 1857 471 1913 Ingenium
492 1858 634 1901 enirn
654 1858 765 1901 eius
785 1861 837 1901 et
857 1858 1154 1902 acrimonia
1172 1859 1318 1902 velut
1341 1869 1407 1901 ex
1429 1869 1602 1913 ungue
1624 1858 1734 1902 Leo
1761 1858 1891 1901 mihi
1916 1861 2044 1902 nota
2070 1858 2162 1902 est:
2190 1870 2288 1901 nec
2315 1858 2407 1901 mi-

198 1929 297 1960 nus
315 1919 368 1960 te
389 1917 610 1961 obsecro
631 1920 689 1960 ut
708 1917 980 1972 inceptum
1000 1918 1067 1961 de
1082 1918 1444 1961 Parallaxibus
1465 1930 1599 1972 opus
1620 1918 1872 1961 absolvat.
1896 1917 2015 1961 Hoc
2037 1917 2179 1961 enirn
2198 1918 2408 1961 videtur

199 1976 268 2020 ab
299 1976 526 2031 antiquis
556 1977 951 2021 Mathematicis
981 1977 1159 2032 aliqua
1187 1989 1256 2020 ex
1283 1981 1435 2031 parte
1465 1976 1769 2029 tractatum,
1804 1977 1892 2021 sed
1924 1977 1993 2020 ad
2023 1977 2405 2032 Colophonem,

199 2037 342 2090 quod
363 2036 466 2079 dici
486 2036 628 2088 solet,
657 2048 765 2080 non
790 2037 861 2080 est
886 2035 1216 2091 perductum.
1246 2038 1351 2091 Ego
1375 2038 1543 2080 multo
1563 2038 1717 2091 plura
1736 2037 2002 2079 reservavi
2021 2037 2151 2079 mihi
2170 2049 2334 2090 quam
2354 2037 2408 2079 in

198 2095 374 2139 libello
395 2096 654 2151 evulgavi,
679 2096 978 2151 indignatus
999 2096 1142 2151 quod
1161 2108 1259 2151 pro
1280 2095 1568 2140 benefactis
1588 2097 1786 2139 nedum
1806 2096 1990 2151 gratiae
2012 2096 2146 2139 actae
2167 2097 2296 2147 sunt,
2320 2096 2407 2139 sed

199 2155 361 2198 etiam
387 2155 586 2211 iniurijS
613 2156 848 2210 aspersus
875 2156 989 2199 sum
1017 2169 1049 2199 a
1074 2156 1348 2210 permultis
1373 2156 1649 2211 Tbeologis
1675 2159 1727 2199 et
1752 2155 2088 2210 Philosophis.
2119 2156 2296 2207 Quare
2323 2156 2407 2198 de-

200 2215 344 2258 crevi
365 2211 545 2259 λαθεῖν
567 2211 840 2267 βιώσαντα,
863 2219 914 2259 et
933 2218 991 2258 ut
1011 2215 1198 2259 Horat.
1221 2215 1309 2266 ait,

626 2315 730 2348 nec
751 2303 892 2347 bene
914 2303 1177 2348 divstibus
1197 2303 1519 2359 contingunt
1533 2303 1735 2358 gaudia
1755 2302 1898 2357 solis,

626 2374 731 2407 nec
754 2363 895 2407 vixit
910 2364 1057 2408 male
1079 2362 1174 2418 qui
1191 2364 1356 2407 natus
1374 2363 1716 2418 moriensque
1735 2362 1968 2407 fefelliffl.

201 2452 339 2496 Nolo
361 2452 588 2508 amplius
613 2452 821 2496 irritare
841 2453 1148 2505 crabrones,
1177 2465 1284 2496 non
1310 2453 1538 2507 amplius
1557 2452 1820 2495 insumam
1839 2465 1906 2496 ne
1927 2453 2280 2506 quadrantem
2301 2453 2408 2507 qui-

201 2513 326 2556 dem
344 2512 398 2555 in
417 2513 726 2568 evulgandis
746 2513 995 2568 operibus
1015 2513 1165 2564 meis,
1188 2513 1402 2567 quando
1422 2512 1495 2555 illi
1512 2512 1602 2567 qui
1616 2512 1928 2567 impulsores
1943 2512 2090 2555 fuere
2105 2513 2174 2555 ad
2189 2513 2409 2556 scriben-

201 2572 329 2615 dum
352 2572 547 2615 librum
567 2573 632 2616 de
653 2575 883 2624 cometa,
912 2573 1055 2616 nulla
1073 2572 1127 2614 in
1146 2584 1203 2615 re
1223 2572 1505 2627 gratificati
1525 2572 1634 2614 fint.
1664 2572 1843 2627 Longe
1869 2571 2057 2615 melius
2078 2572 2302 2615 elocabo
2323 2583 2407 2626 pe-

201 2631 385 2674 cunias
405 2643 556 2675 meas
576 2632 934 2687 imposterum,
964 2644 1127 2686 quam
1146 2630 1402 2674 hactenus
1422 2631 1525 2674 feci
1543 2631 1853 2674 incudendis
1873 2631 2031 2674 libris.
2062 2631 2328 2686 Hispania,
2349 2634 2407 2674 ut

201 2691 275 2734 ait
293 2691 524 2743 Plinius³,
545 2691 763 2735 minime
784 2691 855 2735 est
875 2691 1136 2735 astrorum
1154 2691 1496 2742 observatrix,
1518 2702 1617 2734 nec
1634 2691 1810 2734 sedulo
1827 2691 1955 2733 dant
1969 2702 2190 2745 operam
2206 2691 2407 2734 Mathe-

201 2750 410 2794 maticis
441 2751 528 2794 sed
557 2751 676 2794 solis
706 2751 907 2794 artibus
938 2750 1280 2805 quaestuarijs.
1315 2750 1671 2805 Imprudentis
1700 2750 1786 2801 est,
1820 2750 1929 2793 imo
1959 2750 2162 2805 prodigi
2190 2751 2325 2793 velle
2354 2750 2406 2792 in

203 2809 454 2864 Hispania
468 2810 534 2853 de
549 2810 944 2854 Mathematicis
958 2810 1246 2865 quicquam
1260 2810 1432 2853 edere.
1456 2810 1701 2853 Immensi
1717 2810 1831 2852 sunt
1846 2809 2044 2852 sumtus
2063 2809 2406 2864 impressionis

201 2872 254 2913 et
278 2869 395 2913 libri
415 2881 523 2913 non
542 2870 856 2914 venduntur.
886 2870 966 2913 De
991 2869 1195 2924 reliquo
1222 2869 1459 2912 existima
1485 2881 1573 2912 me
1591 2869 1686 2912 tibi
1705 2867 2123 2920 addictissimum,
2152 2871 2204 2912 et
2224 2870 2404 2921 talem,

203 2928 292 2983 qui
311 2941 586 2983 nunquam
602 2929 656 2972 in
673 2929 853 2973 officio
867 2927 1036 2972 victus
1050 2929 1256 2972 fuerim.
1280 2928 1445 2983 Spera
1462 2928 1639 2983 itaque
1654 2931 1800 2972 certo
1817 2940 1904 2971 me
1918 2929 2169 2971 daturum
2184 2939 2407 2982 operam

201 2991 260 3031 ut
278 2988 453 3032 nostra
473 2988 720 3032 Amicitia
739 2989 1068 3032 incrementa
1090 2988 1327 3042 suscipiat
1346 2988 1536 3042 potius,
1563 3000 1727 3043 quam
1746 2988 2046 3043 langvescat
2066 2990 2157 3030 aut
2175 2988 2407 3031 remitta-

201 3050 302 3091 tur.
323 3047 583 3091 Valentiae
604 3048 688 3091 die
712 3048 764 3092 13
784 3048 975 3103 Aprilis
994 3048 1148 3091 Anno
1173 3047 1300 3090 1574.
1322 3047 1470 3091 Vale.

1625 3106 1976 3150 H1ERONYMUS
2005 3106 2252 3149 Munuos.
2267 3104 2287 3165 ΙΙ

277 3357 288 3382 ¹
311 3357 474 3392 Eches.
493 3357 575 3397 9‚10.
624 3357 640 3382 ²
662 3356 805 3392 Horat.
826 3357 957 3402 Epist.
980 3357 995 3391 1
1022 3357 1175 3397 17‚9-10.
1225 3357 1242 3383 3
1263 3356 1365 3392 Plin.
1386 3357 1480 3392 Nat.
1501 3357 1611 3392 Hist.
1633 3357 1764 3391 XVIII
1787 3357 1908 3397 25,21⁶.
