2632 4022
102 1084 145 1119 10

103 1442 144 1476 15

99 1798 146 1834 20

101 2157 148 2191 25

104 2871 150 2906 35

190 282 494 336 TYCHO
521 282 643 335 AD
670 281 1212 335 THADDAEUM
1240 279 1724 334 HAGECIUM
1752 281 1814 332 12
1840 281 2041 333 AUG.
2070 282 2213 334 1595
2287 281 2392 333 369

191 424 367 491 officij
391 425 748 490 dignitatem,
775 427 838 476 in
864 440 984 489 qua
1008 423 1347 489 praecelluit,
1374 423 1470 476 sed
1490 429 1545 476 et
1564 422 1752 475 multo
1772 426 1959 488 magis
1978 429 2214 488 propter
2233 423 2391 476 disci-

190 496 490 562 plinarum
515 495 850 548 liberalium
875 510 1158 557 amorem,
1186 495 1456 560 adeoque
1479 493 1921 547 Mathematum
1947 494 2130 559 (quod
2156 495 2305 547 alias
2330 497 2393 547 in

190 567 446 620 Politicis
476 582 679 620 rarum
711 567 809 631 est)
846 569 1127 619 eximiam
1162 569 1433 631 peritiam
1464 566 1689 631 suspexi
1721 566 2016 630 dilexique
2052 566 2391 631 plurimum.

193 638 434 692 Nollem
460 654 548 699 ea,
576 654 712 703 quae
735 641 798 690 in
818 638 1211 690 Astronomiae
1233 640 1576 690 exercitium
1597 644 1652 689 et
1671 637 1964 689 honorem
1984 637 2275 690 elaborari
2297 653 2392 690 cu-

192 712 358 770 ravit,
386 709 824 774 qualiacunque
844 710 1085 762 tandem
1105 725 1177 762 ea
1196 709 1318 770 lint,
1342 711 1405 761 in
1424 711 1833 774 imperitorum
1852 724 2068 761 manus
2086 712 2393 773 pervenire

191 787 294 834 aut
312 780 546 846 prorsus
566 783 820 841 interire,
843 780 940 832 sed
961 787 1228 846 optarem
1246 782 1458 845 potiuS,
1479 787 1543 832 ut
1561 779 1664 831 tibi
1685 780 2160 841 concederentur,
2189 796 2325 845 quo,
2353 780 2395 831 fi

191 868 316 905 non
338 867 443 917 per
464 851 848 916 temetipsum,
875 851 951 903 ob
977 852 1115 918 senij
1146 851 1456 913 obstacula,
1483 851 1684 904 saltem
1708 851 1965 903 aliorum
1985 858 2095 903 ate
2115 851 2394 904 informa-

191 930 388 976 torum
403 925 585 988 opera
597 925 660 975 in
674 923 845 975 usum
859 923 1069 975 deduci
1083 930 1318 987 queant.
1342 923 1575 974 Enitere
1590 925 1778 988 igitur,
1795 922 2238 987 quibuscunque
2253 923 2393 975 licu-

193 998 300 1047 erit
319 995 662 1055 rationibuS‚
683 1000 748 1046 ut
765 1010 837 1046 ea
851 994 1133 1047 obtineas,
1157 994 1455 1059 Cuperem
1474 1009 1616 1046 vero
1637 1010 1819 1058 quam
1838 996 2114 1055 maxime,
2135 997 2395 1058 primum

193 1066 452 1119 nostrum
464 1072 694 1118 tomum
705 1066 1288 1131 Progymnasmatum
1300 1065 1860 1124 Astronomicorum,
1877 1081 2055 1130 quem
2070 1066 2262 1117 eidem
2273 1065 2395 1118 Do-

191 1141 358 1190 mino
373 1137 672 1191 CURTIO
695 1137 892 1202 (bonae
912 1136 1243 1201 memoriae)
1264 1136 1562 1197 transmisi,
1584 1139 1646 1188 in
1666 1137 2002 1201 potestatem
2016 1142 2182 1188 tuam
2195 1137 2394 1202 redigi,

192 1225 268 1262 ne
295 1208 371 1262 ad
398 1224 499 1261 eos
524 1208 672 1261 forte
697 1211 1045 1274 perveniret,
1076 1208 1290 1273 quibus
1316 1224 1499 1273 quam
1523 1210 1770 1260 minime
1800 1211 1927 1260 eius
1957 1210 2206 1272 copiam,
2236 1214 2396 1260 ante-

193 1296 376 1346 quam
396 1283 644 1333 omnino
663 1280 882 1345 publici
902 1282 1046 1332 iuris
1066 1279 1246 1340 fieret,
1268 1279 1511 1332 concedi
1523 1279 1755 1340 vellem,
1777 1281 1997 1343 quique
2018 1282 2166 1331 meis
2185 1279 2397 1332 labori-

192 1353 319 1412 buS,
346 1354 432 1404 uti
457 1352 864 1417 saepenumero
890 1350 970 1412 fit,
997 1350 1160 1404 abuti
1185 1367 1310 1403 non
1337 1357 1691 1403 vererentur.
1719 1350 1978 1415 Disquiri
2005 1350 2149 1402 inibi
2174 1350 2398 1403 videbis

193 1426 257 1476 in
283 1426 554 1476 omnium
579 1423 801 1488 scripta,
829 1428 1119 1488 quotquot
1144 1422 1216 1474 de
1240 1422 1420 1475 Stella
1444 1421 1547 1474 illa
1573 1437 1733 1474 nova
1759 1422 1914 1474 edita
1939 1421 2194 1473 nancisci
2219 1421 2397 1482 licuit,

192 1502 320 1548 tum
340 1510 578 1560 quoque
598 1497 662 1546 in
681 1500 846 1547 tuam
867 1493 1164 1554 Dialexin‚
1185 1500 1360 1558 prout
1380 1496 1443 1545 in
1464 1509 1536 1545 eo
1558 1492 1897 1557 exemplari,
1919 1492 2079 1557 quod
2100 1492 2398 1545 Dominus

195 1565 538 1620 CURTIUS
551 1571 856 1631 acceperat
872 1565 1178 1630 (liquidem
1191 1565 1267 1626 id,
1280 1565 1440 1630 quod
1451 1564 1554 1617 tibi
1566 1564 2006 1625 destinaveram,
2021 1564 2398 1627 interciderit)

193 1638 393 1691 videre
412 1637 561 1690 licet.
583 1637 715 1690 Has
734 1653 877 1690 vero
896 1652 1062 1689 meas
1082 1636 1620 1689 animadversiones
1637 1651 1762 1688 non
1777 1635 1896 1688 alio
1911 1638 2114 1688 animo
2129 1651 2310 1700 quam
2325 1635 2399 1688 ab

195 1712 388 1762 amico
403 1709 582 1770 decet,
602 1709 977 1774 prodeunteS,
996 1708 1037 1760 fi
1054 1708 1378 1773 aliquando
1392 1707 1721 1773 perspexisti
1734 1706 1830 1759 vel
1842 1710 1905 1758 in
1919 1706 2210 1772 posterum
2224 1705 2399 1759 lectu-

194 1797 296 1834 rus
310 1796 388 1842 eS,
404 1796 644 1833 averem
659 1780 935 1845 equidem
948 1786 1053 1833 ate
1068 1780 1430 1845 cognoscere,
1446 1795 1526 1832 an
1540 1778 1764 1844 aliquid
1778 1781 1841 1830 in
1854 1777 1947 1830 his
1961 1777 2226 1840 haberes,
2240 1779 2400 1843 quod

194 1852 574 1918 replicatione
592 1852 836 1917 dignum
850 1851 1127 1904 censereS.
1150 1851 1328 1915 Quod
1348 1857 1403 1903 te
1423 1867 1531 1916 pro
1551 1858 1653 1903 tua
1673 1852 2033 1916 ingenuitate
2053 1849 2233 1902 libere
2253 1850 2400 1902 indi-

131 1944 152 1961 v
196 1931 483 1985 caturum‚
498 1939 607 1976 nec
621 1923 824 1976 diffido
838 1939 947 1975 nec
960 1922 1272 1975 illubenter
1285 1921 1496 1975 habeo,
1510 1918 1530 1990 ΙΙ
1544 1922 1722 1985 Quod
1731 1937 1874 1973 vero
1888 1927 2076 1973 totum
2090 1921 2236 1973 illud
2251 1937 2400 1986 opus

195 2003 317 2048 tam
343 1995 446 2048 diu
472 1994 791 2056 differatur,
819 2010 939 2060 quo
965 1997 1165 2046 minus
1190 1994 1384 2046 lucem
1406 1993 1705 2058 publicam
1724 1993 1935 2052 videat,
1962 1999 2175 2057 praeter
2199 1995 2402 2058 gravia

196 2066 475 2132 quaedam
496 2067 920 2132 impedimenta
940 2081 972 2118 e
992 2066 1166 2118 rebus
1188 2065 1536 2130 quibusdam
1557 2081 1594 2117 a
1613 2064 1991 2129 Philosophia
2010 2063 2236 2125 alienis,
2265 2079 2400 2129 quae

195 2138 344 2191 mihi
369 2141 555 2191 invito
581 2138 770 2191 multo
795 2140 917 2190 iam
943 2143 1206 2202 tempore
1233 2137 1564 2202 obtigerunt
1588 2135 1684 2188 vel
1708 2138 1903 2201 potius
1929 2135 2281 2196 obstiterunt,
2308 2151 2399 2187 ac-

197 2211 342 2263 cessit
357 2216 413 2262 et
426 2209 556 2271 hoc,
578 2209 739 2275 quod
754 2209 1132 2274 Chartopae0‚
1155 2223 1335 2273 quem
1347 2211 1411 2259 in
1424 2207 1740 2259 moletrina
1752 2222 1889 2259 mea
1902 2222 2009 2272 pro
2024 2222 2250 2272 papyro
2265 2222 2400 2258 con-

196 2281 450 2334 ficienda
471 2280 569 2334 hic
589 2280 1009 2341 conduxeram,
1036 2280 1168 2333 fatis
1190 2280 1563 2340 concedente,
1589 2278 1824 2331 nullum
1844 2278 2029 2330 alium
2050 2277 2402 2330 eiuscemodi

197 2352 472 2419 opificem
486 2368 518 2405 e
534 2352 880 2414 Germania,
902 2358 1032 2404 utut
1045 2351 1350 2417 diligenter
1365 2367 1436 2403 ea
1450 2354 1512 2402 in
1526 2366 1588 2402 re
1602 2350 1939 2411 laborarim,
1960 2365 2064 2414 per
2081 2355 2270 2401 totum
2288 2348 2402 2401 hoc

197 2424 461 2490 elapsum
479 2427 802 2477 triennium
820 2423 1076 2476 nancisci
1095 2426 1405 2488 potuerim.
1430 2422 1688 2486 Ideoque
1709 2421 1913 2473 charta
1931 2422 2286 2485 impressoria
2305 2419 2400 2472 de-

197 2496 436 2556 stitutuS,
456 2495 907 2562 typographicas
928 2510 1167 2560 quoque
1186 2509 1396 2559 operas
1413 2496 1794 2546 intermittere
1812 2491 2046 2545 coac'tus
2060 2491 2202 2544 sum.
2225 2492 2403 2543 Nunc

196 2583 340 2620 vero
368 2568 608 2620 tandem
635 2583 667 2619 e
692 2569 890 2620 vicina
915 2566 1340 2631 Meckleburga
1366 2565 1793 2629 Chartopaeum
1822 2564 2085 2629 adeptuS,
2115 2563 2401 2615 molendi-

197 2655 345 2692 num
364 2654 567 2691 meum
586 2638 726 2691 huic
746 2637 993 2691 artificio
1015 2637 1359 2690 destinatum
1382 2637 1762 2701 redintegrari
1777 2642 1832 2687 et
1845 2635 2118 2700 ampliari
2131 2649 2401 2699 procur0,

198 2726 319 2776 quo
333 2713 542 2777 papyri
556 2709 812 2764 defectus
827 2709 1050 2762 nostros
1063 2712 1127 2761 in
1139 2709 1432 2773 posterum
1445 2708 1552 2772 (uti
1562 2706 1750 2772 spero)
1763 2706 1994 2759 labores
2008 2721 2132 2758 non
2146 2705 2403 2770 amplius

199 2782 468 2835 retardet.

271 2853 425 2918 Quae
447 2853 518 2905 de
543 2857 591 2913 ὅ·
615 2852 774 2905 stella
794 2852 945 2905 adeo
965 2851 1219 2904 multum
1233 2853 1296 2903 in
1310 2850 1519 2903 ultimo
1534 2848 1911 2915 Acronychio
1931 2848 2037 2900 fitu
2057 2848 2130 2901 ab
2151 2854 2403 2912 utroque

200 2924 428 2978 calculo
449 2923 734 2978 hactenus
754 2923 960 2976 ufitato
978 2923 1334 2988 digrediente
1354 2922 1697 2982 indicatam,
1719 2920 1930 2973 eodem
1948 2919 2129 2972 modo
2149 2919 2204 2972 se
2225 2918 2402 2971 habe-

198 2997 356 3056 bant,
379 3011 575 3060 neque
595 2995 775 3048 huius
796 2995 1195 3059 discrepantiae
1217 3000 1272 3046 et
1291 2993 1546 3047 aliarum
1565 2995 1628 3044 in
1647 2993 1847 3058 sydere
1867 2991 1981 3044 hoc
2001 3007 2038 3043 a
2058 2990 2271 3043 coelesti
2290 2997 2401 3043 tra-

127 3097 130 3100 <
199 3070 340 3119 mite
362 3067 767 3119 deviationum
786 3082 882 3118 me
904 3067 1091 3118 caussa
1112 3065 1267 3124 latet,
1297 3080 1369 3117 ex
1394 3064 1516 3130 ipso
1538 3064 1691 3117 coelo
1710 3063 1910 3115 multis
1930 3066 2052 3115 iam
2071 3064 2245 3115 annis
2266 3077 2402 3114 con-

201 3138 408 3204 quifita
421 3135 845 3203 patefactaque,
866 3140 1081 3202 partim
1094 3136 1312 3188 usitatis
1326 3135 1758 3202 hypothefibuS‚
1779 3150 1905 3186 non
1919 3133 2262 3187 omnimode
2277 3135 2405 3186 eius

202 3211 562 3275 apparentijs
581 3208 1016 3269 sufficientibuS,
1042 3210 1257 3272 partim
1276 3210 1339 3259 in
1358 3210 1430 3273 ijs
1449 3207 1598 3272 ipfi5,
1619 3207 1886 3272 Apogaeo
1908 3212 1963 3258 et
1983 3207 2404 3258 eccentricitate

201 3297 326 3333 non
345 3280 421 3333 ad
441 3281 705 3333 amussim
724 3279 1018 3345 dispofitiS.
1042 3280 1203 3332 Nam
1222 3285 1286 3331 ut
1306 3279 1377 3331 de
1400 3279 1795 3343 Coperniceis,
1817 3293 1953 3343 quae
1973 3277 2182 3329 nostrae
2201 3279 2404 3328 inven-

202 3355 349 3405 tioni
377 3368 559 3416 quam
584 3354 869 3417 proxime,
899 3351 1031 3404 licet
1058 3350 1288 3403 inverso
1314 3351 1576 3416 quodam
1602 3349 1825 3410 ordine,
1856 3349 2164 3414 quadrant,
2194 3347 2404 3470 solui?-

345 3434 392 3470 47
2225 3434 2325 3470 mo
2369 3433 2405 3470 o
