2644 4030
289 282 591 337 TYCHO
613 283 735 336 AD
755 282 1299 338 THADDAEUM
1319 285 1804 340 HAGECIUM
1826 288 1845 339 1
1866 288 2066 342 NOV.
2088 290 2233 342 1589
2306 290 2410 343 203

134 429 163 473 ἢ·
210 441 420 478 verum
437 425 539 479 fiat
555 425 713 478 illius
734 426 1141 481 HERMETIS
1158 427 1659 482 TRISMEGISTI
1675 429 1879 482 scitum
1896 430 2129 492 dictum,
2151 434 2329 484 etiam
2349 435 2411 484 in

138 727 161 762 5

118 1082 161 1118 10

111 2226 159 2261 25

129 2498 157 2542 ..1-

110 2938 157 2974 35

111 3292 158 3328 40

209 502 333 549 toto
360 497 785 559 MacrocosmO,
815 499 1095 564 quicquid
1125 500 1200 552 est
1227 499 1508 565 superiuS,
1538 501 1696 553 idem
1725 503 1828 554 esse
1858 502 2118 555 inferius,
2150 503 2411 566 Quidam

212 570 390 621 etiam
409 568 558 622 alias
578 569 899 623 nonnullas
920 572 1073 622 circa
1092 571 1346 624 nostram
1366 572 1811 625 mundanorum
1832 589 2147 639 corporum
2166 575 2409 641 symme-

210 641 383 691 triam
419 647 473 692 et
508 640 968 694 distributionem
1003 642 1395 695 dubitationes
1429 651 1758 705 moverunt,
1795 644 2017 697 nullius
2051 652 2252 698 tamen
2285 662 2409 698 mo-

210 713 410 772 menti,
439 727 587 776 quas
613 714 790 764 nimis
815 712 1060 778 longum
1083 713 1232 766 foret
1251 729 1410 766 nunc
1431 717 1696 776 recitare;
1724 715 1872 768 alias
1892 716 1993 770 ubi
2012 732 2178 769 meas
2196 716 2409 770 resolu-

208 783 400 834 tiones
419 784 573 835 circa
594 798 680 844 ea,
708 799 844 848 quae
865 788 1087 849 opponi
1106 788 1374 849 poterint,
1401 786 1632 846 videriS,
1654 786 1784 839 haec
1805 790 2008 840 omnia
2027 787 2259 852 plenius
2280 804 2409 854 cog-

209 852 426 906 nosces,
457 853 517 906 Si
545 857 744 918 itaque
773 854 858 907 illi
888 871 1095 908 omnes
1123 857 1394 921 exemplo
1423 855 1683 922 praedicti
1710 857 1958 910 Domini
1985 859 2252 922 CURTIJ
2279 875 2409 912 cen-

208 923 405 976 suram
423 927 487 976 in
505 940 568 977 re
588 925 858 978 nondum
883 928 1138 991 penitius
1163 926 1509 992 introspecta
1529 928 1877 993 aliquandiu
1902 930 2409 994 procrastinassent,

209 995 396 1048 multo
422 995 559 1048 sane
585 996 931 1061 prudentius
953 997 1216 1050 fecissent.
1245 998 1508 1051 Salutem
1528 1015 1711 1064 quam
1731 1016 1803 1052 ex
1823 1000 1998 1065 ipfius
2018 1017 2120 1053 ore
2140 1002 2288 1054 mihi
2309 1018 2409 1067 op-

208 1074 314 1126 tas,
335 1082 470 1119 eam
485 1083 592 1132 ego
605 1067 701 1120 vel
713 1068 1115 1134 millecuplam
1130 1076 1185 1122 et
1197 1069 1282 1121 illi
1298 1076 1352 1122 et
1364 1070 1468 1122 tibi
1481 1072 1714 1123 vicissim
1728 1087 1949 1136 precor,
1968 1073 2410 1138 admodumque

207 1137 357 1190 mihi
373 1145 537 1203 grata
551 1138 626 1191 est
639 1142 784 1191 tanti
798 1142 909 1192 viri
930 1155 1066 1205 erga
1086 1156 1181 1193 me
1200 1141 1628 1204 benevolentia,
1651 1158 1832 1207 quam
1853 1159 2210 1209 quocunque
2231 1144 2407 1210 officij

208 1225 421 1275 genere
446 1225 551 1275 per
575 1226 671 1262 me
696 1210 941 1271 licuerit,
971 1227 1096 1264 non
1123 1213 1677 1277 irrecompensatam
1705 1213 2055 1279 relinquam.
2084 1215 2411 1268 Confilium

209 1284 387 1333 etiam
408 1284 551 1342 eiuS,
574 1297 693 1346 quo
709 1282 926 1342 suadet,
947 1299 1024 1335 ne
1039 1290 1300 1348 coeptum
1315 1283 1546 1336 cursum
1559 1287 2003 1350 interrumpam,
2026 1302 2207 1351 quam
2221 1287 2410 1339 arduo

207 1351 336 1404 fieri
350 1355 560 1417 poterit
574 1357 906 1414 conamine,
921 1354 1131 1407 lubens
1143 1354 1368 1419 sequar,
1383 1355 1583 1419 sponte
1599 1359 1777 1408 etiam
1791 1372 1928 1408 mea
1941 1357 2058 1409 huc
2071 1358 2409 1422 propensuS,

143 1441 160 1460 r
208 1430 272 1476 ut
292 1423 331 1475 fi
352 1423 570 1476 divinae
592 1420 968 1493 cle-{lmentiae
988 1428 1070 1477 ita
1089 1425 1276 1477 visum
1302 1425 1493 1487 fuerit,
1521 1427 1799 1491 donoque
1824 1427 1928 1479 suo
1954 1428 2103 1480 mihi
2129 1429 2410 1494 affulgere

208 1495 492 1560 dignetur,
519 1495 912 1548 Astronomiae
937 1497 1420 1549 instaurationem
1445 1500 1507 1549 in
1534 1497 1709 1562 ipfius
1735 1498 1983 1564 gloriam
2013 1507 2067 1551 et
2095 1499 2411 1553 hominum

208 1566 519 1619 utilitatem
544 1566 861 1619 Posteritati
887 1568 1236 1628 consecrem,
1262 1584 1339 1620 ne
1365 1568 1571 1621 frustra
1595 1570 1837 1622 tandem
1865 1570 1962 1622 hic
1988 1572 2181 1623 vixisse
2208 1572 2412 1624 videar

207 1643 494 1702 tanquam
519 1644 691 1690 terrae
716 1639 923 1691 inutile
949 1640 1200 1704 pondus,
1226 1647 1291 1692 ut
1316 1639 1516 1692 multis
1541 1640 1909 1705 (dolendum)
1934 1642 2156 1694 accidit.
2186 1643 2255 1694 Et
2279 1642 2411 1695 licet

207 1708 531 1774 spontaneo
557 1708 734 1763 ductu
759 1709 877 1762 huc
905 1726 1010 1775 per
1037 1711 1199 1763 mille
1226 1710 1521 1764 anfractus
1543 1720 1597 1764 et
1616 1711 1901 1777 scopulos,
1928 1713 2109 1765 alacri
2134 1720 2335 1766 tamen
2357 1721 2411 1766 et

207 1778 424 1832 invicto
438 1783 642 1833 animo
658 1780 841 1846 (quod
853 1782 986 1834 Deo
1001 1789 1307 1847 acceptum
1319 1782 1468 1847 fero)
1483 1783 1751 1836 lubenter
1763 1784 2019 1845 tendam,
2034 1792 2196 1850 grata
2211 1792 2411 1837 tamen

207 1851 597 1904 nihilominus
616 1853 765 1905 mihi
780 1853 855 1905 est
869 1853 1164 1906 clarorum
1180 1861 1235 1906 et
1249 1855 1614 1906 eruditorum
1628 1857 1893 1907 virorum
1908 1855 2252 1918 cohortati0,
2274 1872 2409 1921 quae

206 1923 460 1976 validius
480 1924 640 1976 addit
659 1927 1124 1978 incitamentum.
1146 1925 1309 1977 Nam
1327 1932 1392 1978 ut
1412 1926 1487 1978 est
1506 1928 1569 1979 in
1588 1926 1779 1979 versu:

526 2030 738 2084 Fortis
757 2033 823 2085 et
839 2032 923 2084 ad
939 2030 1186 2099 cursum
1205 2046 1440 2100 magno
1461 2046 1602 2085 cum
1623 2032 1846 2086 robore
1865 2031 2084 2096 fertur,

528 2100 603 2155 Si
620 2104 831 2156 tamen
851 2099 1121 2170 instigeS,
1145 2102 1360 2156 acrius
1379 2102 1492 2156 ibit
1509 2118 1727 2170 equus.

278 2207 465 2260 Addis
485 2208 735 2273 insuper,
756 2208 1129 2274 saepedictum
1146 2210 1479 2262 Dominum
1496 2210 1869 2263 CURTIUM
1889 2213 2039 2262 inter
2059 2211 2178 2263 alia
2198 2211 2407 2272 dixisse,

205 2293 302 2330 me
314 2281 490 2331 nimis
500 2279 751 2331 multam
761 2279 942 2333 fecisse
953 2283 1318 2333 mentionem
1330 2289 1384 2333 et
1395 2281 1722 2345 praedicasse
1733 2284 1987 2333 nimium
1994 2282 2406 2334 WINCHLE-

207 2349 404 2410 RUM,
419 2349 727 2402 hominem
738 2351 1130 2404 Astronomiae
1143 2355 1342 2404 minus
1355 2356 1624 2417 peritum.
1641 2354 1825 2417 Atqui
1839 2368 1945 2418 ego
1959 2369 2084 2405 non
2097 2361 2219 2405 tam
2233 2353 2407 2418 iplius

206 2420 506 2473 scientiam
531 2425 594 2473 in
619 2421 732 2474 hac
759 2431 882 2475 arte
902 2423 1235 2487 praedicavi,
1264 2439 1446 2488 quam
1467 2439 1693 2476 errores
1713 2423 2096 2476 insulfissimos
2116 2424 2314 2477 libello
2335 2425 2406 2477 de

209 2492 460 2545 Cometa
482 2492 583 2544 isto
606 2493 681 2545 ab
707 2494 828 2558 ipso
853 2494 1180 2558 publicatos
1205 2497 1268 2546 in
1295 2502 1564 2559 apertum
1591 2495 1824 2555 deduxi,
1853 2502 1907 2547 et
1933 2511 2306 2560 quaecunque
2333 2497 2406 2549 ab

206 2563 310 2615 illo
335 2564 738 2629 imprudenter
764 2572 819 2617 et
843 2568 1055 2630 inepte,
1082 2573 1208 2617 tum
1235 2569 1413 2618 etiam
1438 2565 1634 2618 inscite
1656 2566 1887 2630 prolata
1909 2574 2092 2628 erant,
2119 2567 2405 2632 redargui,

206 2635 358 2687 adeo
383 2642 448 2687 ut
474 2635 837 2700 quibusdam,
865 2636 960 2688 sed
986 2639 1058 2702 ijs
1083 2638 1448 2701 potissimum,
1477 2640 1578 2702 qui
1603 2640 1906 2702 negotium
1928 2637 2042 2690 hoc
2064 2644 2118 2690 et
2139 2653 2407 2690 errorum

205 2705 444 2759 istorum
472 2706 797 2759 foeditatem
825 2723 950 2760 non
978 2708 1344 2774 perspiciunt,
1376 2710 1552 2760 etiam
1581 2711 1801 2760 nimius
1830 2708 1943 2761 hac
1969 2712 2032 2760 in
2056 2716 2219 2774 parte
2249 2709 2406 2761 fuisse

205 2778 424 2830 videar.
444 2779 545 2830 An
564 2777 678 2831 hoc
699 2778 774 2830 est
793 2779 1101 2831 hominem
1120 2778 1477 2844 praedicare‘r’
1499 2780 1710 2832 Dicere
1726 2782 1853 2832 eius
1867 2782 2405 2844 argumentationes

205 2851 431 2902 veritati
459 2852 581 2901 vim
609 2849 818 2910 facere,
848 2857 1025 2915 atque
1054 2851 1229 2916 ipsius
1258 2853 1735 2903 ratiocinationes
1764 2850 2169 2915 saepenumero
2198 2858 2281 2903 tot
2307 2851 2405 2904 ab·

205 2919 379 2973 surda
404 2923 781 2982 committere,
810 2928 954 2986 quot
978 2921 1098 2974 fere
1118 2921 1300 2974 verba
1325 2921 1559 2983 habent,
1587 2929 1709 2974 tam
1733 2922 2119 2987 multiplicem
2139 2929 2195 2974 et
2213 2923 2405 2991 prodi-

205 2991 426 3057 giosam
444 2991 654 3044 subesse
674 2992 1196 3054 discohaerentiam,
1218 3000 1281 3045 ut
1301 2993 1519 3058 pudeat
1533 3000 1587 3045 et
1600 2995 1792 3058 pigeat
1810 2993 2041 3054 referre,
2064 2995 2300 3046 crassam
2320 2996 2405 3045 in-

205 3062 375 3127 super
399 3065 794 3128 ignorantiam
820 3063 1090 3129 obijcere‚
1121 3064 1500 3116 absurditates
1527 3064 1974 3117 absurditatibus
2003 3065 2173 3117 illum
2203 3080 2404 3117 cumu-

205 3133 346 3194 lare,
372 3135 829 3199 ineptissimeque
855 3151 981 3187 rem
1007 3136 1310 3187 involvere
1337 3135 1520 3199 usque
1546 3135 1622 3187 ad
1647 3135 1946 3197 nauseam,
1975 3136 2151 3200 ipfius
2176 3136 2406 3201 prolata

206 3203 327 3256 sola
346 3203 659 3258 reiectione
680 3207 754 3258 ob
776 3205 1299 3267 discohaerentiam,
1328 3214 1430 3258 aut
1450 3206 1954 3259 commiseratione
1975 3206 2051 3259 ob
2072 3209 2307 3259 crassam
2327 3210 2404 3272 ig-

206 3278 544 3328 norantiam
572 3279 766 3340 potius
796 3293 978 3342 quam
1005 3277 1183 3342 longa
1211 3277 1562 3329 refutatione
1592 3278 1768 3343 digna
1794 3279 1913 3339 esse,
1945 3279 2105 3343 quod
2131 3278 2204 3330 ab
2231 3278 2405 3342 ipfius

205 3349 463 3399 veritatis
477 3346 680 3400 semita
693 3350 836 3400 citra
849 3363 1090 3400 omnem
1103 3348 1522 3401 verecundiam
1537 3350 1834 3411 exorbitet,
1856 3349 2172 3411 adhortari,
2193 3356 2406 3472 nel-tam

348 3429 416 3464 26*
2187 3421 2260 3474 ab
2287 3436 2405 3472 ona
