2644 4030
272 307 364 360 152
803 301 1242 355 EPISTOLAE
1267 301 1936 355 ASTRONOMICAE

272 447 677 513 quadraturaS,
697 444 897 496 multis
918 446 1332 509 experimentis
1351 446 1715 508 minimeque
1731 443 2039 496 fallacibus
2056 443 2467 497 observationi-

270 520 395 579 buS‚
418 533 491 569 ex
509 516 631 581 ipso
653 515 805 568 coelo
827 513 1064 567 edoctus
1080 515 1223 576 sum,
1244 514 1350 566 nifi
1364 515 1524 579 quod
1538 514 1861 579 aliquando
1875 530 1999 567 uno
2012 515 2108 567 vel
2121 515 2305 568 altero
2318 515 2467 568 scru-

270 588 412 654 pulo
438 590 743 647 maiorem,
771 587 1067 638 interdurn
1092 585 1406 651 paululum
1424 588 1719 638 minorem
1739 585 2170 647 adinvenerim;
2198 593 2252 639 et
2271 585 2313 638 fi
2332 601 2469 651 quae

271 660 389 713 alia
408 658 604 719 subest,
625 661 711 710 uti
731 673 855 709 non
868 672 1179 722 negaver0‚
1201 656 1592 721 inaequalitas,
1616 672 1749 709 eam
1762 660 2018 722 penitius
2033 657 2321 710 enodabo,
2341 657 2469 710 Nec

271 730 567 795 eclipfium
596 728 1133 781 animadversiones
1158 743 1310 779 meae
1338 728 1625 780 assertioni
1650 731 1972 793 quippiam,
2003 729 2163 794 quod
2188 731 2252 781 in
2275 728 2471 781 sensus
2519 745 2542 781 ⁵

271 802 477 855 cadere
497 801 672 865 possit,
700 800 996 864 derogant.
1025 799 1187 850 Nam
1205 798 1338 851 licet
1357 802 1621 851 maxima
1639 798 1887 852 latitudo
1907 800 1964 852 15
1983 799 2266 864 scrupulis
2285 799 2360 852 ab
2381 815 2468 860 ea,

271 888 406 938 quae
427 872 632 924 ufitata
653 877 707 923 et
727 870 829 922 diu
848 876 1080 935 recepta
1105 869 1195 931 est,
1221 872 1414 922 maior
1438 869 1733 931 statuatur,
1760 877 1962 923 tamen
1986 870 2116 923 haec
2142 869 2471 924 differentia

271 947 423 996 circa
433 943 645 995 limites
656 942 806 1002 illos,
821 941 923 993 ubi
935 940 1171 1005 eclipses
1181 956 1365 1006 prope
1377 942 1567 993 nodos
1578 940 1707 993 fieri
1717 941 1916 1002 solent,
1930 941 2096 1003 nihil,
2113 941 2272 1007 quod
2283 943 2469 995 anim-

270 1016 493 1067 adverti
506 1015 680 1079 possit,
696 1016 987 1078 importat.
1009 1012 1313 1077 Siquidem
1326 1015 1389 1064 in
1404 1012 1670 1065 distantia
1683 1029 1721 1066 a
1733 1013 1905 1066 nodis
1919 1013 1977 1065 12
1990 1014 2297 1079 graduum,
2317 1015 2472 1066 intra

270 1101 448 1151 quem
461 1087 729 1150 proxime
743 1086 1062 1136 terminum
1077 1083 1313 1148 eclipses
1327 1084 1594 1136 Lunares
1607 1083 1737 1136 fieri
1750 1085 2036 1137 necessum
2051 1084 2142 1145 est,
2164 1084 2471 1137 discrimen
2523 1101 2566 1137 ιο

269 1157 593 1210 latitudinis
607 1155 980 1208 Ptolemaicae
998 1162 1053 1207 et
1069 1155 1278 1207 nostrae
1300 1155 1494 1207 evadit
1512 1154 1715 1208 saltem
1733 1158 1912 1208 trium
1930 1155 2339 1221 scrupulorum
2356 1157 2470 1221 pri-

269 1243 522 1290 morum,
544 1243 679 1292 quae
694 1229 938 1279 unicum
951 1226 1363 1279 tantummodo
1379 1226 1623 1292 digitum
1637 1229 1700 1279 in
1713 1227 1901 1279 Lunae
1916 1226 2321 1280 obscuratione
2335 1242 2471 1280 cau-

269 1300 482 1360 santur,
504 1301 607 1364 qui
627 1301 805 1351 etiam
816 1301 917 1350 vix
932 1298 1006 1350 est
1018 1297 1408 1363 perceptibilis
1423 1297 1498 1349 ob
1512 1298 1740 1351 umbrae
1754 1297 2032 1351 Terrenae
2047 1300 2472 1351 extremitatem

269 1370 504 1437 praecise
523 1373 586 1422 in
605 1369 799 1422 sensus
814 1385 938 1421 non
951 1372 1363 1430 incurrentem,
1387 1368 1577 1434 etipsa
1591 1369 1888 1434 ecliplium
1901 1376 2169 1435 tempora
2181 1385 2306 1421 non
2320 1369 2471 1422 adeo

271 1449 426 1495 certa
454 1440 739 1494 hactenus
768 1443 1168 1501 innotuerunt,
1198 1446 1262 1492 ut
1289 1439 1419 1492 haec
1448 1456 1541 1492 res
1570 1440 1778 1493 nostrae
1807 1443 2137 1493 inventioni
2166 1443 2472 1506 quippiam
2524 1457 2566 1492 15

272 1513 506 1565 officere
533 1518 725 1577 queat,
754 1512 913 1576 quod
939 1527 1050 1564 nos
1075 1511 1333 1576 plurima
1359 1517 1414 1563 et
1441 1527 1623 1576 quam
1643 1511 2059 1578 diligentissime
2079 1512 2306 1577 aliquot
2324 1526 2471 1578 prae-

269 1587 451 1637 teritis
477 1586 650 1636 annis
676 1583 979 1635 observata
1005 1583 1331 1635 docuerunt
1357 1582 1617 1647 deliquia
1636 1583 1900 1636 Lunaria
1917 1586 2083 1636 iuxta
2101 1583 2327 1636 sextum
2346 1598 2471 1649 gra-

271 1656 414 1708 dum
434 1655 700 1707 distantia
719 1670 755 1707 a
774 1654 967 1715 nodis;
990 1653 1319 1706 differentia
1337 1653 1717 1706 latitudinum
1735 1660 1987 1720 utroque
2006 1654 2188 1707 modo
2208 1655 2471 1707 assumta-

270 1742 404 1779 rum
423 1729 693 1791 provenit
712 1728 763 1780 1}
782 1728 1010 1786 minuti,
1033 1725 1192 1790 quod
1214 1725 1412 1789 quoad
1433 1727 1822 1790 quantitatem
1842 1725 2263 1779 obscurationis
2283 1725 2472 1778 Lunae

271 1798 346 1850 est
358 1796 696 1849 insensibile.
712 1796 886 1849 Circa
899 1796 1058 1848 hunc
1069 1812 1211 1848 vero
1225 1796 1425 1848 locum
1440 1796 1759 1849 crebriores
1770 1797 2204 1862 conspiciuntur
2218 1796 2471 1862 eclipseS,
2521 1812 2568 1848 20

271 1872 373 1934 qui
400 1874 454 1920 et
478 1868 709 1920 medius
736 1867 811 1919 est
835 1870 986 1919 inter
1011 1868 1202 1919 nodos
1229 1874 1284 1919 et
1309 1867 1524 1919 limites
1551 1874 1859 1920 extremos
1887 1864 1909 1937 ΙΙ
1935 1868 2122 1934 Prope
2146 1883 2290 1920 vero
2319 1867 2472 1932 ipsos
2503 1875 2590 1919 95ν

270 1940 476 2000 nodOS,
498 1939 737 2004 quando
752 1939 924 1991 Luna
939 1938 1258 2003 eclipsatur,
1280 1938 1641 1991 Ptolemaica
1661 1946 1716 1991 et
1735 1939 1929 1992 nostra
1946 1939 2193 1992 latitudo
2208 1941 2474 1992 maxima

269 2010 420 2062 nihil
439 2013 710 2076 ingerunt
731 2010 1090 2071 discriminis,
1117 2016 1181 2062 ut
1203 2016 1324 2061 tute
1344 2008 1474 2062 haec
1495 2012 1699 2063 omnia
1717 2010 1888 2063 facile
1908 2010 2179 2076 colligere
2198 2016 2381 2075 potes,
2409 2024 2472 2062 re

269 2082 482 2134 melius
509 2097 691 2146 quam
717 2088 892 2133 antea
919 2080 1295 2142 considerata,
1322 2081 1484 2133 velut
1511 2083 1689 2133 etiam
1715 2097 1789 2134 ex
1814 2081 2059 2146 ascripta
2078 2081 2472 2138 delineatione

269 2156 333 2205 in
352 2168 634 2205 numeros
655 2152 908 2204 resoluta
926 2152 1296 2217 perspicuum
1318 2152 1526 2204 evadit.
1548 2152 1790 2205 Accedit
1810 2158 1866 2205 et
1884 2152 2014 2214 hoc,
2037 2153 2196 2218 quod
2215 2155 2472 2205 incertus
2521 2169 2568 2205 2⁵

270 2224 389 2286 lim,
411 2240 490 2277 an
509 2223 756 2277 latitudo
772 2224 960 2276 Lunae
982 2224 1192 2276 eodem
1211 2223 1392 2276 modo
1412 2223 1467 2275 se
1487 2222 1704 2276 habeat
1717 2226 1882 2276 iuxta
1895 2223 2207 2277 novilunia
2220 2230 2276 2276 et
2288 2223 2473 2289 pleni-

270 2296 437 2348 lunia
457 2295 962 2360 quemadmodum
981 2310 1165 2359 prope
1186 2294 1594 2359 quadraturas,
1619 2295 1721 2348 ubi
1739 2294 1895 2347 hanc
1916 2295 2353 2361 divagationem
2370 2310 2473 2360 po-

269 2368 539 2419 tissimum
564 2366 976 2427 animadverti;
1005 2382 1124 2431 qua
1147 2366 1219 2418 de
1240 2381 1302 2418 re
1323 2365 1488 2426 aliaS,
1515 2366 1751 2418 volente
1771 2367 2054 2428 Numine,
2082 2381 2218 2431 quae
2243 2365 2474 2432 plenior

271 2438 491 2491 dederit
512 2440 887 2503 experientia,
908 2437 1277 2502 patefaciam.
1299 2437 1528 2489 Frustra
1546 2439 1745 2502 itaque
1766 2437 2002 2503 eclipses
2017 2438 2282 2490 Lunares
2301 2436 2474 2489 nobis

270 2510 547 2562 obtrudiS.
562 2509 792 2561 Videris
813 2514 1013 2561 autem
1032 2524 1136 2573 per
1155 2511 1446 2561 incuriam
1467 2508 1732 2573 aliquam
1753 2509 2100 2570 existimasse,
2123 2511 2297 2561 etiam
2319 2510 2474 2560 circa
2521 2523 2568 2560 3ο

269 2584 552 2633 terminos
567 2580 864 2645 eclipfium
879 2587 1152 2645 quartam
1168 2580 1383 2645 gradus
1396 2585 1623 2644 partem
1636 2582 1700 2631 in
1713 2579 2020 2632 latitudine
2035 2580 2222 2632 Lunae
2236 2595 2274 2631 a
2287 2578 2471 2631 Ptole-

269 2655 463 2705 maica
483 2652 804 2713 abundare,
825 2667 950 2703 non
969 2651 1355 2717 perpendenS‚
1376 2651 1436 2702 id
1455 2650 1657 2702 saltem
1673 2653 1839 2703 iuxta
1854 2653 2182 2703 maximam
2196 2650 2271 2703 ab
2285 2649 2473 2715 Eclip·

270 2726 385 2776 tica
398 2724 850 2789 divagationem,
873 2738 1009 2787 quae
1025 2723 1351 2787 quadrante
1367 2721 1567 2774 circuli
1583 2737 1619 2774 a
1632 2722 1804 2774 nodis
1819 2722 1998 2783 distat,
2019 2722 2218 2774 locum
2235 2721 2471 2780 habere,

272 2801 328 2846 et
345 2794 541 2862 postea
559 2794 757 2846 versus
777 2792 1242 2846 intersectionem
1261 2795 1556 2845 attenuari
1574 2792 1878 2857 paulatim,
1900 2793 2051 2845 adeo
2066 2799 2130 2845 ut
2143 2795 2308 2844 iuxta
2320 2791 2473 2856 ipsos

270 2866 460 2918 nodos
474 2868 537 2918 in
551 2881 741 2917 unum
755 2864 1068 2917 concursus
1082 2864 1201 2926 fiat,
1218 2870 1273 2917 et
1285 2867 1348 2916 in
1361 2879 1690 2929 paucorum
1703 2864 1994 2929 graduum
2009 2864 2290 2924 distantia,
2307 2865 2473 2915 iuxta
2520 2879 2568 2915 3⁵

273 2952 422 3001 quos
449 2936 684 3001 eclipses
705 2937 893 2988 Lunae
921 2938 1256 3001 contingere
1283 2936 1520 3000 possunt,
1548 2938 1930 3000 perexiguam
1948 2937 2167 2999 vixque
2192 2936 2472 2999 percepti-

272 3007 450 3059 bilem
480 3007 689 3059 subesse
723 3006 1132 3059 differentiam.
1168 3007 1472 3058 Autoritas
1505 3005 2154 3066 REGIOMONTANI,
2194 3004 2471 3058 COPER-

272 3077 459 3138 NICI,
479 3078 848 3130 WERNERI
870 3085 924 3130 et
944 3078 1216 3138 aliorum,
1243 3078 1284 3129 fi
1304 3080 1406 3142 qui
1425 3077 1571 3138 sunt,
1598 3076 1711 3130 hac
1730 3080 1794 3129 in
1812 3083 1977 3142 parte
1996 3092 2092 3129 me
2112 3092 2237 3129 non
2254 3082 2471 3137 movet,

272 3147 555 3212 liquidem
575 3148 965 3201 Astronomiae
992 3150 1406 3214 redintegratio
1431 3164 1556 3200 non
1582 3147 1991 3201 autoritatibus
2011 3147 2342 3208 hominum,
2375 3146 2471 3199 sed

274 3234 305 3271 e
327 3222 493 3271 certis
515 3219 1014 3272 observationibus
1030 3226 1084 3272 et
1097 3220 1190 3272 his
1204 3222 1422 3271 innixis
1437 3219 2025 3272 demonstrationibus
2039 3217 2362 3271 derivanda
2373 3233 2470 3270 ve·
2519 3233 2567 3269 40

272 3292 412 3342 niat.
441 3290 652 3354 Neque
674 3290 1380 3343 REGIOMONTANUS
1401 3305 1670 3355 unquam
1688 3289 2058 3342 latitudinem
2078 3290 2265 3341 Lunae
2284 3291 2470 3340 maxi-

273 3376 436 3414 mam
462 3360 692 3413 coelitus
719 3361 1059 3423 observavit,
1089 3368 1191 3414 aut
1220 3361 1344 3414 ulla
1370 3359 1727 3414 correctione
1754 3361 2013 3426 indigere
2039 3360 2352 3425 suspicatus
2344 3358 2469 3481 best.

2405 3444 2470 3481 ec
