2632 4022
248 294 353 346 386
783 291 1225 346 EPISTOLAE
1251 290 1924 346 ASTRONOMICAE

245 435 569 500 plurimum
583 434 685 486 tibi
701 434 1092 500 congratulor.
1115 434 1425 498 Quantum
1441 449 1584 487 vero
1602 435 1679 487 ad
1695 434 1871 488 lineae
1888 436 2252 498 meridianae,
2270 450 2458 502 quam

245 506 549 566 defideraS,
571 505 1010 558 ordinationem
1028 508 1248 567 attinet,
1267 521 1403 558 eam
1420 506 1705 571 peculiari
1720 507 1982 572 quadam
1994 510 2225 560 ratione
2236 523 2272 560 e
2285 507 2457 561 stellis

245 577 770 641 circumpolaribus
797 576 997 630 exacte
1024 578 1292 630 derivare
1318 577 1493 638 selec,
1520 584 1584 630 ut
1611 578 1916 631 azimutha
1938 578 2457 632 instrumentorum

243 663 516 700 meorum
536 651 599 699 in
619 648 740 712 ipso
760 648 1032 713 scrupulo
1056 646 1208 701 recte
1229 648 1486 701 constent
1513 648 1698 714 (quod
1718 649 1866 702 alias
1887 649 2198 703 difficulter
2217 649 2322 715 fit).
2344 651 2455 704 Ve-

243 736 376 772 rum
397 723 459 771 in
480 719 795 772 Scioterico
816 720 917 772 isto
937 726 1102 772 tanta
1128 720 1389 785 praecifio
1416 736 1541 772 non
1565 720 1642 773 est
1668 722 1995 783 necessaria‚
2021 720 2230 774 sufficit
2255 725 2454 788 itaque
2504 740 2527 774 5

243 792 319 844 ad
339 807 530 843 unum
551 791 647 843 vel
667 790 919 843 alterum
939 789 1092 843 recte
1114 791 1487 844 elaboratum
1506 793 1863 857 compassum
1881 792 2105 846 lineam
2123 792 2291 846 horae
2307 794 2456 846 duo-

244 863 488 915 decimae
513 862 844 915 meridiano
866 862 1079 915 coelesti
1100 863 1652 928 correspondentem
1671 863 1917 916 statuere
1941 870 2118 930 atque
2143 866 2227 917 ita
2250 864 2457 917 leviter

242 933 479 986 firmare
494 934 798 986 laminam.
821 934 1055 987 Deinde
1069 934 1315 987 instante
1328 950 1484 995 vere,
1503 935 1606 987 ubi
1623 934 1724 987 Sol
1738 935 1911 988 altior
1924 935 2114 997 fuerit,
2132 936 2456 989 videndum

243 1006 563 1070 diligenter,
590 1013 654 1058 ut
682 1009 1017 1058 extremitas
1044 1005 1272 1058 umbrae
1297 1009 1362 1058 in
1386 1012 1545 1058 certa
1572 1006 1776 1071 aliqua
1804 1006 1956 1060 hora
1983 1007 2456 1060 antemeridiana

243 1077 501 1129 eiusdem
522 1077 584 1129 fit
604 1093 642 1129 a
662 1084 862 1130 centro
882 1077 1266 1143 longitudinis
1287 1093 1424 1130 cum
1443 1078 1649 1142 aliqua
1667 1078 1787 1131 alia
1807 1079 2115 1144 aequaliter
2137 1078 2259 1144 post
2280 1081 2452 1131 meri-
2502 1090 2550 1131 lo

243 1149 400 1201 diem
426 1155 670 1210 remota,
700 1149 861 1214 quod
891 1152 1046 1201 circa
1071 1149 1261 1214 ipsum
1288 1148 1713 1214 aequinoctium
1730 1151 2104 1203 commodius
2129 1150 2453 1220 praestatur:

240 1226 379 1272 tunc
393 1223 553 1272 enim
565 1224 901 1273 extremitas
912 1220 1141 1273 umbrae
1152 1223 1437 1286 percurrit
1447 1220 1832 1274 transversam
1844 1220 2079 1282 rectam,
2087 1221 2453 1287 quaeAEq'ua-

240 1298 430 1344 torem
444 1291 559 1344 five
573 1295 742 1345 initia
758 1300 822 1350 V
840 1299 894 1345 et
914 1297 972 1351 Q
998 1292 1388 1358 repraesentat‚
1408 1292 1605 1358 estque
1627 1308 1699 1345 ea
1717 1292 1878 1346 linea
1896 1293 2164 1346 meridiei
2178 1292 2453 1359 orthogo-

960 1373 985 1398 8
1464 1373 1489 1398 a

241 1434 410 1487 naliS.
434 1435 636 1499 Quare
657 1435 698 1487 fi
717 1435 868 1488 hora
881 1360 905 1574 ἱ
918 1435 984 1488 8³
1004 1438 1298 1489 matutina
1317 1442 1373 1488 et
1385 1360 1410 1574 ἶ
1422 1436 1489 1487 4a
1508 1435 1837 1502 vespertina
1862 1438 2198 1489 extremitas
2223 1436 2452 1490 umbrae
2501 1446 2548 1488 ιε

917 1508 985 1560 7a
1423 1508 1490 1560 5a

242 1578 453 1630 eodem
478 1579 659 1631 modo
686 1578 772 1630 illi
797 1578 973 1631 lineae
1001 1579 1281 1640 adhaeret,
1309 1577 1462 1631 rec'te
1485 1578 1821 1644 dil'pofitum
1839 1578 1917 1632 est
1937 1579 2342 1640 Sciotericu'rm
2368 1579 2454 1632 lin

240 1653 455 1710 minUS,
483 1652 565 1702 ita
590 1650 729 1702 hinc
755 1650 892 1702 inde
919 1651 1416 1715 componendum,
1445 1651 1634 1703 donec
1658 1653 1865 1703 omnia
1890 1653 1997 1703 rite
2025 1651 2338 1716 quadrent;
2364 1653 2451 1703 in-

241 1728 402 1773 terea
415 1737 558 1773 vero
578 1729 642 1774 ut
661 1724 724 1773 in
745 1722 1078 1786 aequilibrio
1096 1723 1444 1774 Horizontis
1466 1725 1745 1774 continue
1763 1728 2126 1787 permaneat,
2147 1722 2453 1788 diligenter

242 1792 316 1844 eft
337 1793 685 1845 cavendum.
713 1793 883 1845 Potes
904 1796 1083 1846 etiam
1103 1796 1205 1854 uti,
1229 1793 1271 1845 fi
1292 1793 1469 1855 lubet,
1490 1793 1719 1859 vulgari
1738 1793 1842 1846 illa
1861 1796 2090 1846 ratione
2113 1794 2452 1859 inquirendi
2501 1809 2548 1845 20

240 1864 461 1917 lineam
475 1866 741 1917 meridiei
755 1881 859 1930 per
874 1863 1132 1917 erectum
1148 1865 1535 1918 Gnomonem
1550 1879 1588 1917 a
1599 1865 1782 1930 plano
1797 1865 2060 1930 quodam
2076 1864 2450 1925 horizontali‚

241 1939 335 1988 cui
365 1935 773 1989 circumductis
803 1936 1030 2001 aliquot
1060 1936 1290 1989 circulis
1319 1937 1535 1997 videre,
1569 1939 1632 1988 in
1661 1937 1876 2002 quibus
1903 1937 2050 1989 locis
2079 1943 2216 1990 ante
2241 1943 2302 1989 et
2329 1936 2452 2002 post

239 2008 547 2060 meridiem
571 2024 672 2060 eos
698 2008 926 2060 umbrae
955 2011 1291 2061 extremitas
1316 2008 1585 2070 transeat,
1611 2023 1835 2074 per-que
1861 2007 2078 2061 harum
2103 2007 2449 2062 interseffio-

239 2095 387 2131 num
405 2080 782 2132 medietatem
803 2080 879 2132 ad
900 2086 1167 2132 centrum
1190 2080 1415 2133 lineam
1435 2080 1667 2141 ducere,
1695 2095 1831 2145 quae
1857 2081 2166 2133 meridiem
2190 2095 2296 2146 per
2316 2091 2448 2133 um-

238 2150 407 2203 bram
432 2151 770 2203 Gnomonis
795 2151 1151 2213 monstrabit,
1178 2151 1338 2204 unde
1365 2154 1545 2204 etiam
1571 2151 1954 2205 Sciotericum
1979 2153 2193 2205 eodem
2218 2151 2449 2205 instanti
2499 2167 2546 2203 2⁵

239 2225 320 2274 ita
345 2221 651 2275 rectificari
675 2223 871 2288 potest,
898 2230 963 2276 ut
990 2226 1169 2276 etiam
1194 2225 1320 2276 una
1344 2222 1558 2276 horam
1584 2224 1714 2276 12ειιῐι
1741 2223 2031 2277 Gnomon
2058 2226 2186 2276 eius
2209 2224 2448 2285 indicet}

238 2293 333 2345 sed
353 2294 483 2346 haec
503 2294 633 2347 sunt
652 2295 937 2361 vulgaria.

309 2366 528 2431 Accepi
542 2369 777 2418 interim
793 2373 847 2419 et
861 2367 1010 2419 alias
1022 2366 1201 2419 semel
1214 2374 1392 2432 atque
1407 2369 1621 2419 iterum
1636 2382 1674 2419 a
1685 2373 1742 2419 te
1754 2366 1954 2419 'li-teras
1967 2368 2209 2432 unaque
2225 2365 2449 2432 pallam

238 2440 446 2503 papyri
463 2439 834 2502 impressoriae
848 2454 1001 2491 meae
1016 2438 1273 2491 officinae
1287 2438 1614 2491 admodum
1628 2438 1910 2491 idoneam
1923 2444 1979 2491 et
1993 2438 2256 2503 quodam
2270 2440 2449 2491 etiam

238 2514 501 2573 tempore
522 2510 807 2562 clarissimi
828 2517 882 2562 et
903 2508 1199 2562 doctissimi
1218 2513 1329 2562 viri
1348 2509 1684 2573 GEORGIJ
1705 2506 2002 2572 BRAUN,
2023 2509 2255 2563 Decani
2264 2509 2446 2563 Col-o—
2495 2523 2544 2560 ω

238 2580 466 2642 nienHS‚
496 2588 769 2645 quartam
794 2588 1023 2646 partem
1045 2581 1287 2634 Theatri
1313 2582 1567 2643 urbium,
1586 2588 1651 2634 et
1675 2588 1962 2647 praeterea
1982 2581 2447 2634 delineationem
2495 2584 2524 2628 ’ἓ

239 2655 628 2716 exequiarum
654 2669 723 2705 ac
748 2653 1061 2717 sepulturae
1088 2656 1264 2719 regiae
1291 2653 1628 2719 Hamburgi
1655 2668 1760 2718 per
1787 2660 1843 2706 te
1873 2655 2056 2706 aeneis
2084 2652 2286 2719 figuris
2314 2668 2445 2718 pro-

239 2730 526 2784 curatam;
542 2741 649 2789 pro
665 2726 878 2789 quibus
894 2725 1170 2777 omnibus
1184 2725 1471 2790 plurimas
1481 2731 1541 2777 et
1551 2727 1818 2790 ingentes
1831 2725 2026 2778 habeo
2033 2727 2271 2790 gratiaS‚
2285 2724 2446 2790 quod

237 2794 277 2845 fi
304 2795 594 2847 referendi
622 2796 845 2848 occafio
873 2796 1071 2849 oblata
1093 2812 1363 2862 unquam
1388 2796 1579 2857 fuerit,
1606 2796 1761 2849 dabo
1785 2811 2046 2862 operam,
2070 2802 2134 2848 ut
2155 2795 2446 2861 intelligas

237 2881 333 2917 me
367 2871 530 2919 omni
562 2869 913 2933 gratitudine
945 2875 999 2920 et
1018 2867 1227 2920 *officio
1254 2867 1362 2920 tibi
1393 2867 1659 2920 futurum
1690 2865 2146 2921 addictissimum.
2179 2867 2444 2933 Papyrus
2494 2882 2541 2918 35

238 2944 437 2989 autem
466 2940 822 3004 impressoria
851 2939 1060 2991 ultimo
1090 2940 1250 2991 missa
1276 2939 1350 2991 eft
1373 2939 1617 3004 *quidem
1645 2939 1779 2992 satis
1805 2946 1944 3004 apta
1971 2954 2108 2991 meo
2133 2941 2319 3004 operi,
2339 2938 2444 2991 led

238 3008 545 3073 aliquanto
574 3011 900 3063 maiuscula
929 3011 1019 3072 est,
1050 3017 1114 3063 ut
1138 3011 1337 3063 videre
1366 3011 1499 3063 licet
1525 3027 1599 3063 ex
1623 3017 1876 3076 utroque
1906 3007 2184 3063 adiuncto
2214 3016 2443 3075 quater-

237 3082 434 3140 nione,
457 3097 565 3133 nec
585 3089 786 3134 tamen
806 3082 980 3134 refert
998 3082 1314 3147 paululum
1333 3085 1625 3135 maiorem
1645 3083 1766 3144 eBe‚
1787 3098 1856 3135 ac
1875 3082 1918 3134 fi
1935 3085 2134 3134 minor
2151 3081 2317 3134 foret.

310 3150 402 3202 De
419 3168 595 3216 opere
609 3152 923 3206 Theatrico
939 3157 1242 3206 civitatum
1257 3153 1609 3216 BRAUNIJ‚
1629 3153 1773 3206 scias
1790 3153 1937 3206 illud
1953 3152 2443 3206 admodumssmihi

237 3221 485 3285 placere,
512 3230 565 3274 et
588 3225 870 3287 praeclare
890 3231 946 3277 te
967 3226 1038 3277 de
1058 3225 1256 3277 Patria·
1273 3224 1467 3277 nostra
1486 3228 1763 3278 meritum
1783 3225 1996 3286 iudicO,
2024 3225 2185 3290 quod
2203 3224 2442 3277 urbium
2490 3239 2538 3274 40

238 3292 580 3345 nostratium
601 3295 1059 3348 delineationem
1078 3296 1164 3347 illi
1182 3298 1534 3361 procurari&
1553 3296 1742 3348 Video
1763 3299 1942 3349 etiam
1962 3295 2315 3348 Huenulam
2335 3304 2441 3347 no—

237 3363 408 3416 stram
440 3381 564 3417 non
596 3365 934 3431 neglectam,
969 3383 1150 3432 quam
1181 3375 1285 3420 tua
1317 3383 1499 3432 opera
1529 3367 1736 3433 procul
1765 3368 1947 3420 dubio
1975 3368 2247 3428 obtinuit,
2281 3363 2441 3489 (ἐξὲξ

2420 3453 2441 3489 ι
